1820 2802
1237 135 1546 173 MAECENAS

274 243 402 282 lenisti
433 256 564 282 morsu
594 243 697 281 leuia
727 244 790 281 fila
819 256 984 293 parum:

221 307 411 358 percussit
440 308 597 346 crebros
626 314 664 345 te
693 314 851 357 propter
881 307 1006 357 Lydia
1035 308 1173 354 nodos,

277 380 315 411 te
343 380 500 423 propter
529 373 626 411 dura
655 371 823 410 stamina
852 379 965 422 rupta
993 385 1113 411 manu
1128 387 1138 420 3

223 437 349 487 Lydia
377 445 415 476 te
443 436 596 475 tunicas
625 437 735 475 iussit
763 436 911 475 lasciua
939 437 1094 475 fluentis

277 502 378 541 inter
406 501 580 540 lanificas
610 503 754 541 ducere
784 514 900 552 saepe
931 515 1030 540 suas.

224 567 336 605 claua
364 574 495 605 torosa
523 573 590 605 tua
617 565 759 616 pariter
787 579 877 604 eum
906 567 1008 616 pelle
1035 565 1200 614 iacebat,

277 643 397 682 quam
426 632 529 681 pede
557 643 749 681 suspenso
777 629 1022 680 percutiebat
1049 632 1184 668 Amor.
1511 637 1552 668 80

226 695 313 746 quis
342 696 424 734 fore
453 695 650 742 credebat,
682 702 876 745 premeret
905 707 996 733 cum
1025 694 1103 732 iam
1133 694 1298 745 impiger
1325 695 1453 733 infans

279 761 424 810 hydros
453 759 622 810 ingentis
651 758 715 798 uix
745 759 926 810 capiente
955 772 1086 806 manu,

226 838 370 864 eumue
398 832 668 864 renascentem
698 832 861 863 meteret
891 823 1079 863 uelociter
1107 825 1283 874 hydram,

279 891 470 940 frangeret
498 889 681 928 immanis
710 891 774 929 uel
805 889 1013 928 Diomedis
1041 902 1176 939 equos,

225 957 288 994 uel
318 955 440 993 tribus
468 955 643 994 aduersis
671 968 926 993 communem
954 955 1136 993 fratribus
1163 956 1298 993 aluum
1353 960 1357 962 ’
1512 963 1552 1001 85

281 1027 319 1058 et
348 1033 413 1058 sex
442 1020 626 1058 aduersas
656 1021 761 1058 solus
791 1019 830 1057 in
860 1032 967 1057 arma
997 1022 1168 1057 manus?

226 1084 327 1123 fudit
355 1084 520 1123 Aloidas
549 1092 759 1135 postquam
789 1083 1014 1123 dominator
1043 1084 1214 1134 Olympi,

281 1148 423 1188 dicitur
451 1148 491 1186 in
521 1148 690 1188 nitidum
720 1149 977 1199 procubuisse
1007 1149 1129 1196 diem,

228 1222 346 1264 atque
374 1213 545 1264 aquilam
577 1213 728 1252 misisse
757 1227 879 1259 suam,
912 1226 1012 1263 quae
1042 1220 1256 1263 quaereret,
1288 1213 1401 1263 ecqui

283 1286 415 1329 posset
445 1286 623 1316 amaturo
653 1279 793 1328 †signa
823 1280 989 1320 referre†
1021 1278 1119 1317 Ioui.
1515 1296 1556 1327 90

1510 324 1548 355 75

275 1394 314 1422 74
339 1383 452 1414 lenisti
468 1382 543 1414 Ar:
568 1383 677 1413 leuisti
695 1382 795 1421 Βυψχ
900 1393 1010 1413 morso
1028 1395 1051 1422 χ
1142 1384 1231 1414 lenia
1242 1389 1289 1423 φχ
1302 1383 1358 1413 Ar
1443 1384 1513 1420 fiu‘a
1526 1384 1559 1415 Β

234 1437 271 1466 77
297 1432 330 1457 te
363 1425 510 1466 tunicas]
539 1426 752 1456 theutonicas
780 1426 837 1456 Ar
923 1427 1066 1456 fluentes
1097 1438 1140 1465 χε
1173 1427 1328 1457 fouentes
1354 1427 1477 1458 BAr:
1512 1427 1558 1457 sa-

229 1474 350 1501 uentes
375 1482 391 1500 υ
526 1470 564 1508 78
589 1469 726 1510 ducere]
760 1479 893 1500 sumere
930 1468 1072 1500 l‘Vakker
1194 1469 1314 1509 saepe]
1352 1480 1452 1501 saeue
1483 1470 1559 1500 Birt

233 1524 274 1553 79
297 1518 411 1544 torose
441 1512 602 1543 Heinsius
743 1518 800 1542 tua
823 1511 879 1542 B:
913 1513 970 1543 tibi
1001 1526 1024 1552 χ
1053 1514 1120 1543 nisi
1143 1524 1194 1543 me
1212 1513 1308 1552 fallit
1333 1514 1558 1553 compendium

230 1557 416 1597 scripturae,
436 1555 687 1596 Reltdrgeranns
775 1555 930 1586 iacebant
947 1569 970 1596 χ
1103 1557 1145 1587 80
1162 1567 1226 1596 qua
1241 1569 1263 1595 χ
1360 1567 1556 1597 suspensam

233 1600 399 1631 Ruhnken
533 1600 572 1629 81
591 1609 664 1630 cum
682 1600 746 1629 iam
766 1605 896 1638 premet
913 1599 946 1629 Β
959 1600 1034 1630 Ar:
1059 1610 1133 1631 cum
1150 1601 1214 1630 iam
1231 1600 1352 1639 premit
1368 1607 1435 1640 υφχ
1452 1612 1458 1631 :
1482 1611 1559 1640 pre-

233 1648 340 1674 meret
365 1653 439 1673 cum
457 1643 521 1673 iam
539 1642 620 1674 Ald.
646 1652 725 1681 1517
796 1649 967 1681 rumperet
984 1642 1131 1683 Scaliger
1210 1643 1344 1683 inpiger
1359 1643 1415 1684 Βφ
1518 1645 1560 1675 82

232 1685 350 1726 hidros
366 1686 398 1716 Β
416 1698 422 1717 ;
446 1686 563 1717 hidros
579 1692 646 1725 υφχ
761 1686 801 1724 83
826 1695 898 1716 curn
917 1696 997 1716 uere
1014 1691 1210 1717 nascentem
1234 1687 1264 1716 Β
1280 1698 1288 1715 .·
1317 1697 1391 1717 cum
1417 1697 1559 1718 uerena-

234 1735 385 1761 scentern
398 1736 422 1768 φ
437 1741 444 1760 :
469 1740 541 1759 cum
559 1740 640 1760 uero
659 1739 689 1760 n.
710 1740 733 1768 χ
799 1733 904 1759 terret
920 1729 1020 1768 Βφχ;
1047 1734 1169 1760 tenetv
1185 1741 1191 1759 :
1217 1735 1344 1760 tereret
1356 1729 1436 1762 Ald.
1457 1740 1538 1770 1517
1554 1743 1559 1761 z

235 1778 376 1804 meteret
393 1772 636 1812 Struclyttneyer
794 1772 956 1802 uelociter
972 1772 1027 1811 Βχ
1044 1785 1049 1803 z
1076 1773 1199 1804 uelotie
1215 1779 1239 1812 φ
1254 1784 1259 1803 ;
1286 1779 1431 1804 torreret
1448 1774 1561 1804 letifer

235 1816 367 1856 Maelzly
384 1827 391 1847 t
416 1816 578 1847 uelociter
594 1820 707 1846 ureret
723 1815 818 1846 Riese
951 1827 1032 1846 num
1051 1816 1220 1847 uitaliter?
1249 1817 1279 1848 lt.
1297 1828 1320 1849 e.
1342 1820 1379 1847 ut
1393 1817 1440 1847 ad
1454 1818 1560 1848 uitam

234 1864 263 1890 et
278 1860 393 1891 uitalia
405 1860 634 1899 peruem'retur
784 1860 822 1897 84
850 1860 883 1889 in
902 1869 1019 1890 manes
1036 1859 1068 1889 Β
1236 1861 1278 1890 86
1295 1860 1328 1890 in
1345 1870 1436 1891 arma
1452 1865 1560 1900 suspe-

235 1908 324 1934 ctum
398 1904 439 1942 87
457 1903 598 1934 Aloidas
614 1902 696 1934 Ald.
719 1912 798 1941 1517
815 1914 821 1933 :
844 1903 865 1933 f.
883 1908 916 1933 et
933 1903 1061 1933 aloidas
1075 1903 1169 1934 Aret
1180 1903 1453 1943 Rehdzgeranus:
1476 1904 1561 1934 fudit

236 1949 265 1978 δέ
284 1947 401 1977 enidas
421 1958 445 1985 χ
468 1946 526 1977 sed
545 1948 574 1978 &
600 1957 617 1976 e
645 1945 712 1976 alia
737 1956 862 1977 manus
879 1945 1053 1985 pallidiore
1081 1950 1265 1977 atramento
1292 1946 1442 1978 addidit:
1476 1947 1496 1979 f.
1529 1952 1562 1977 et

236 1991 315 2029 oe(e
329 1990 462 2031 anidas
486 1989 537 2020 Βυ
676 1990 718 2020 88
743 1989 794 2029 in]
824 1994 857 2020 et
879 1995 903 2029 φ
1035 1990 1169 2029 procub.
1190 1997 1239 2028 φχ
1255 1991 1329 2021 Ar:
1353 1991 1490 2030 percub.
1511 1991 1562 2021 Βυ

236 2033 326 2063 diem
353 2032 454 2073 Βυφχ
471 2033 546 2065 Ar:
581 2032 701 2063 bouem
729 2032 873 2064 traditur
895 2032 1046 2063 habuisse
1072 2033 1167 2064 codex
1191 2033 1358 2064 salmasii
1520 2035 1562 2073 89

236 2076 340 2107 misse
358 2076 390 2106 Β
538 2079 570 2106 et
588 2075 666 2116 quid
683 2075 732 2106 Bu
749 2087 755 2106 :
780 2080 813 2106 et
829 2076 884 2115 qui
903 2087 925 2114 χ
941 2080 971 2106 et
984 2082 1008 2114 φ
1025 2087 1068 2108 m.
1084 2082 1150 2116 pr„
1171 2087 1251 2107 mox
1265 2076 1367 2107 uiridi
1379 2081 1563 2107 atramento

235 2129 301 2158 que
313 2123 486 2150 correctum
612 2129 656 2158 90
679 2124 810 2150 maturo
828 2119 915 2150 codd.
934 2133 940 2150 t
960 2124 1110 2150 amaturo
1128 2120 1261 2150 Ascens.
1283 2129 1364 2158 1507
1464 2121 1563 2159 signa

237 2163 364 2193 referre
384 2162 471 2194 codd.
491 2175 497 2193 :
525 2162 668 2201 signifer
690 2172 766 2193 esse
783 2162 950 2201 Scahger:
986 2162 1088 2201 digna
1114 2163 1243 2193 referre
1268 2163 1453 2194 Heinsius:
1475 2164 1558 2203 fort.

238 2207 346 2237 sicera
378 2206 476 2238 ferre.
550 2205 660 2243 Goetz,
697 2206 785 2237 Thes.
824 2204 968 2236 Glossar.
1003 2205 1272 2236 Emendatarum
1310 2207 1418 2237 sicera
1453 2208 1564 2238 omnis

238 2249 406 2280 confectio
420 2249 559 2289 liquoris
572 2249 626 2289 qui
639 2249 753 2279 uinum
765 2249 916 2279 imitatur
928 2254 961 2279 et
974 2249 1129 2279 inebriat.
1175 2249 1220 2279 Et
1229 2260 1367 2280 rursus:
1388 2255 1437 2280 est
1453 2251 1564 2281 omnis

239 2293 330 2331 potio
342 2303 428 2331 quae
451 2298 547 2323 extra
567 2293 681 2323 uinum
703 2292 871 2323 inebriare
890 2297 1012 2333 potest,
1032 2292 1126 2323 cuius
1142 2292 1220 2322 licet
1239 2303 1361 2323 nomen
1379 2293 1561 2324 hebraeum

237 2337 280 2366 sit
299 2340 410 2366 tamen
427 2335 563 2367 latinum
583 2341 681 2366 sonat

1438 2381 1476 2412 S*
