1820 2802
323 147 501 184 DIRAE

318 257 452 294 effetas
485 254 636 295 Cereris
666 255 762 294 sulci
793 255 1042 295 abscondatis
1071 268 1229 305 auenas,
1609 275 1649 307 15

317 320 463 370 pallida
492 322 707 360 flauescant
736 329 846 359 aestu
877 320 1047 359 sitientia
1076 329 1195 371 prata,

316 384 525 424 immatura
554 386 697 424 cadant
727 384 843 423 ramis
872 384 1088 435 pendentia
1118 387 1245 425 mala:

315 449 446 488 desint
475 456 513 488 et
543 449 650 488 siluis
680 450 854 498 frondes,
883 456 922 488 et
951 449 1127 489 fontibus
1158 464 1282 499 umor,

314 525 388 552 nec
417 513 519 553 desit
548 513 691 553 nostris
720 515 912 553 deuotum
942 526 1100 554 carmen
1132 515 1280 554 auenis.

314 579 412 617 haec
441 579 607 618 Veneris
637 579 746 618 uario
776 579 955 618 florentia
984 587 1085 618 serta
1115 581 1270 629 decore,
1608 598 1650 619 20

312 656 510 694 purpureo
540 657 702 695 campos
732 657 834 695 quae
863 644 987 695 pingit
1016 646 1105 683 lena
1134 646 1277 692 colore,

313 709 405 746 hinc
434 721 551 747 aurae
581 710 728 756 dulces,
761 709 853 747 hinc
883 708 1014 747 suauis
1045 710 1202 759 spiritus
1231 709 1322 760 agri,

312 780 466 812 mutent
496 772 701 824 pestiferos
730 780 861 811 aestus
892 780 930 811 et
960 779 1082 811 taetra
1111 786 1278 812 uenena.

310 839 441 876 dulcia
470 850 551 876 non
581 837 717 885 oculis,
749 851 830 877 non
859 837 1018 876 auribus
1048 838 1127 876 ulla
1155 839 1336 877 ferantur.

309 902 366 941 sic
394 916 533 954 precor
561 910 600 942 et
629 902 771 942 nostris
802 909 987 953 superent
1017 904 1115 941 haec
1145 903 1319 942 carmina
1348 903 1462 942 uotis.
1606 921 1645 953 25

364 968 535 1007 Lusibus
565 975 604 1008 et
632 968 775 1007 nostris
806 968 975 1006 multum
1006 975 1162 1006 cantata
1191 967 1333 1007 libellis

307 1033 458 1084 optima
487 1032 686 1081 siluarum,
718 1032 900 1072 formosis
930 1034 1054 1072 densa
1083 1032 1251 1080 uirectis,

422 1085 504 1105 unua!

306 1098 481 1137 tondens
512 1097 647 1137 uiridis
677 1097 847 1144 umbras,
879 1110 953 1136 nec
982 1098 1084 1136 laeta
1112 1097 1306 1136 comantis

306 1161 469 1201 iactabis
500 1162 629 1201 mollis
659 1175 788 1202 ramos
819 1161 1049 1201 inflantibus
1079 1163 1196 1210 auris,

305 1240 379 1267 nec
409 1226 505 1266 mihi
535 1240 652 1278 saepe
682 1240 815 1266 meum
846 1227 1054 1274 resonabit,
1088 1229 1255 1275 Battare‚
1289 1240 1458 1266 carmen.
1602 1245 1644 1276 30

305 1292 437 1331 militis
468 1292 589 1343 impia
618 1305 709 1331 cum
739 1293 950 1332 succaedet
980 1293 1139 1331 dextera
1168 1293 1283 1341 ferro,

350 1405 388 1435 15
414 1395 550 1427 effectas
573 1395 624 1426 vP
717 1395 819 1426 sulcis
838 1394 926 1426 codd.
948 1398 977 1425 el
990 1394 1036 1425 sic
1053 1394 1204 1426 Goebbel:
1228 1394 1311 1426 sulci
1329 1394 1374 1426 ed.
1394 1405 1479 1435 quae
1488 1394 1642 1436 princeps

303 1439 442 1470 habetur
498 1439 650 1470 condatis
666 1437 854 1470 BFMPT:
878 1439 1062 1469 condamus
1075 1439 1111 1468 ub
1129 1449 1135 1469 :
1168 1438 1385 1469 abscondatis
1398 1439 1515 1478 scripsi
1602 1441 1641 1470 16

302 1487 418 1513 aestus
448 1482 478 1513 T
496 1486 525 1513 et
547 1486 583 1513 ut
597 1482 730 1513 uidetur
750 1482 783 1512 P
897 1482 1023 1512 siencia
1048 1481 1089 1511 M
1200 1483 1239 1512 18
1262 1492 1301 1512 ec
1324 1481 1419 1512 siluis
1445 1494 1471 1521 v,
1499 1481 1568 1513 nisi
1589 1493 1642 1513 me

295 1526 424 1565 fallunt
446 1526 531 1557 oculi
618 1526 782 1565 sgontibus
806 1525 838 1555 Β
933 1525 1055 1555 humor
1070 1535 1184 1556 omnes
1203 1525 1269 1555 mei
1283 1525 1399 1555 codices
1513 1535 1552 1565 19
1577 1536 1639 1557 nec

301 1569 343 1600 al.
369 1580 471 1609 quarn
494 1582 510 1600 υ
601 1579 741 1608 gramen
772 1568 814 1599 T:
856 1578 974 1599 camen
1004 1567 1065 1599 M:
1103 1578 1245 1608 germen
1273 1567 1408 1599 Goebbel
1537 1580 1580 1599 20
1606 1569 1639 1600 H

302 1614 422 1644 initiali
436 1623 561 1654 magna
579 1612 663 1644 BF:
687 1613 769 1652 haec
786 1612 819 1643 B
834 1623 841 1643 :
863 1622 926 1643 nec
944 1624 961 1642 v
977 1623 983 1642 :
1009 1612 1087 1642 hinc
1105 1611 1206 1653 Sillztg
1280 1612 1404 1643 decor&
1415 1622 1454 1643 ex
1464 1612 1587 1644 decori'i
1600 1613 1642 1643 M

301 1667 340 1687 21
368 1667 537 1697 purpurea
563 1656 608 1687 lt:
641 1666 748 1687 -ream
776 1656 793 1686 b
891 1655 998 1695 pingit
1016 1654 1131 1695 (tingit
1155 1657 1186 1693 υ)
1211 1665 1320 1686 auena
1344 1655 1461 1687 codd.
1454 1667 1461 1673 ·
1496 1656 1640 1695 pingunt

301 1710 406 1731 uerna
422 1700 593 1739 Heinsius,
623 1699 664 1739 cf
688 1699 759 1730 Val.
780 1698 829 1731 Fl.
852 1698 905 1730 VJ.
933 1709 996 1738 492
1015 1710 1022 1729 z
1048 1709 1190 1730 amoena
1208 1698 1398 1729 Baehrens:
1428 1699 1505 1730 lena
1522 1700 1643 1740 scrzpsz

300 1744 447 1775 colorem
466 1742 508 1774 M
522 1755 566 1775 m.
579 1748 632 1786 pr.
781 1752 822 1781 23
848 1743 983 1773 mittent
1005 1742 1035 1773 T
1118 1747 1210 1774 terra
1226 1741 1305 1772 Mu:
1329 1747 1416 1772 treta
1434 1742 1452 1772 b

300 1787 418 1818 oculos
445 1786 487 1818 M
516 1798 562 1820 m.
591 1793 647 1828 pr.
729 1787 865 1818 naribus
890 1785 1059 1825 Heinsius,
1090 1785 1223 1817 Goebbel
1331 1786 1483 1817 forantur
1507 1785 1642 1818 BFMP

300 1840 341 1870 25
365 1832 416 1872 et]
428 1831 508 1861 utF
547 1831 601 1861 hic
612 1830 692 1861 Par.
706 1831 794 1870 8069
892 1830 933 1860 26
957 1830 984 1860 L
1001 1829 1120 1860 inz'ttalz
1130 1839 1255 1870 magna
1265 1828 1342 1859 BF·
1360 1829 1489 1860 lusibus
1501 1828 1634 1869 Fun-elz,

300 1873 421 1915 Sillzg:
453 1874 594 1905 lusimus
618 1874 677 1904 vb:
712 1874 855 1904 ludimus
881 1872 1067 1903 BFMPT:
1095 1872 1236 1903 lusimus
1261 1884 1279 1904 a
1301 1873 1355 1903 uel
1383 1873 1448 1903 heu
1470 1871 1637 1904 Eskuclze:

289 1917 372 1956 fort.
391 1918 546 1949 laudibus
658 1927 698 1956 27
723 1917 864 1948 uirectis
879 1915 1048 1947 BFMPT
1119 1916 1212 1946 Inter
1222 1917 1326 1956 27‚28
1338 1916 1509 1947 Rotlestein
1525 1926 1636 1947 unum

301 1971 436 1992 uersum
464 1961 614 1992 exm'disse
637 1960 777 2000 credidit,
799 1963 878 2000 post
900 1959 1017 1990 uiridis
1043 1962 1274 2001 mterpuugens
1416 1961 1458 1990 28
1483 1960 1636 1992 tondetis

299 2004 433 2044 Putsclz,
467 2004 597 2036 Naeke·
638 1984 820 2035 tondenius
845 2003 963 2034 BFT:
996 2003 1178 2034 tundemus
1211 2003 1262 2033 P:
1298 2003 1481 2034 tondentur
1508 2003 1568 2034 M:
1600 2008 1635 2035 tu

299 2048 433 2079 dernum
448 2049 506 2080 ub:
524 2047 678 2080 tondebis
689 2039 900 2079 Gronoums:
918 2047 1038 2077 fundes
1049 2056 1118 2077 non
1130 2046 1298 2077 Eskuche':
1307 2047 1390 2086 fort.
1403 2046 1488 2077 Tum
1501 2047 1634 2077 demum

300 2092 415 2122 uiridis
438 2093 572 2123 umbras
596 2101 665 2122 non
689 2091 777 2122 laeta
800 2091 965 2122 comantis
991 2090 1132 2121 Iactabis
1155 2090 1265 2121 mollis
1297 2099 1408 2121 ramos
1440 2090 1636 2121 inflantibus

298 2137 391 2166 auris
423 2140 461 2167 ut
493 2145 605 2166 ramos
628 2134 770 2175 pendeat
804 2145 842 2165 ex
869 2134 1039 2174 participio
1070 2134 1275 2164 inflantibus.
1378 2132 1460 2172 nec]
1496 2144 1565 2164 non
1597 2133 1634 2164 ub

299 2179 466 2210 comantis
491 2179 524 2210 P
544 2183 573 2209 ct
599 2179 828 2219 Augustanus
861 2178 944 2217 (siue
983 2177 1196 2217 Treut'rensis)
1228 2176 1352 2208 Naekiz'.
1385 2176 1494 2207 Canal
1517 2180 1634 2208 notam

298 2223 565 2263 intertogatioms
585 2223 727 2262 ponebat
747 2225 820 2262 post
846 2221 981 2252 umbras
1005 2243 1012 2251 .
1035 2245 1041 2252 .
1061 2244 1068 2252 .
1093 2221 1184 2252 auris
1211 2244 1218 2251 .
1236 2245 1243 2252 .
1265 2245 1272 2252 .
1299 2229 1434 2251 carmen
1543 2230 1585 2259 30
1603 2221 1634 2251 N

297 2266 418 2297 i··'›ut1alz
432 2277 558 2307 magna
574 2265 641 2296 BF
734 2275 777 2296 ne
793 2265 942 2296 M211ec
962 2264 979 2294 b
1060 2265 1198 2295 bactare
1214 2264 1250 2294 vb
1343 2264 1482 2294 Versum
1502 2263 1637 2294 Goebbel

297 2309 426 2341 credidit
453 2320 562 2341 unum
585 2320 625 2340 ex
647 2308 751 2340 decem
778 2309 837 2349 qui
848 2308 987 2348 fuerant
1012 2313 1182 2349 superesse,
1208 2307 1375 2339 Baehrens
1390 2306 1638 2348 ‘transportabat

293 2357 372 2394 post
386 2355 428 2393 36
539 2363 578 2393 31
606 2353 710 2393 impia
726 2363 800 2384 cum
819 2352 933 2383 militis
949 2363 966 2382 υ
1055 2352 1214 2383 succedet
1225 2349 1360 2382 BFPM
1365 2350 1410 2382 T
1429 2351 1585 2382 succedit
1596 2361 1635 2382 v:

298 2398 452 2429 succidet
462 2397 597 2428 Ribbeck
