1820 2802
803 148 1127 186 PRAEFATIO

297 265 387 296 sunt
430 259 807 308 Montepessulanus
850 272 922 297 212
964 266 1003 298 et
1042 258 1240 297 Parisinus
1281 261 1421 308 13026,
1463 272 1632 310 quorum

297 323 337 360 in
381 330 550 372 utroque
588 323 669 361 Est
711 328 748 360 et
789 324 883 361 Non
922 336 1099 362 seorsum
1138 336 1212 362 nec
1251 336 1343 362 cum
1393 325 1483 362 Viro
1520 325 1634 362 Bono

298 387 556 426 coniunctum
605 395 719 426 extat.
780 387 979 426 Nimirum
1028 387 1277 427 lectitabatur
1325 388 1480 439 saepius
1529 395 1567 427 et
1610 402 1633 427 a

297 452 430 491 multis
450 453 530 490 Est
547 457 584 490 et
601 453 694 490 [Von
713 466 723 499 ,·
751 453 916 491 fortasse
937 459 1095 503 propter
1115 454 1151 491 S.
1176 452 1288 491 Pauli
1309 453 1431 491 uerba
1455 467 1473 490 2
1498 453 1591 492 Cor.
1607 453 1630 491 i.

301 531 346 566 19
376 518 485 555 Iesus
510 517 690 556 Christus
717 516 895 566 nonfuit
919 518 1001 555 Est
1027 522 1063 555 et
1083 518 1178 555 Non
1206 518 1272 555 sed
1287 519 1368 555 Est
1384 518 1426 555 in
1446 518 1513 555 illo
1531 517 1629 566 fuit.

296 583 382 632 Ego
396 595 442 620 ex
463 580 522 619 his
537 580 660 620 tribus
681 588 719 620 et
740 581 938 620 Bembino
955 589 1104 620 textum
1125 581 1312 632 poematii
1333 581 1504 620 curatius
1525 582 1634 621 edidi

295 659 415 696 quam
454 659 476 683 a
511 659 715 696 quoquam
753 653 845 684 ante
885 659 948 684 me
986 647 1134 684 factum
1174 653 1258 685 est:
1308 646 1419 685 cuius
1451 646 1505 685 rei
1539 647 1632 685 fecit

296 724 359 750 me
398 717 627 760 compotem
666 710 888 760 benignitas
924 712 984 748 Fr.
1022 711 1153 758 Ehrle,
1185 713 1272 750 Soc.
1309 713 1398 758 Ies.,
1431 711 1499 761 qui
1541 724 1632 750 meo

294 783 430 825 rogatu
463 781 590 814 totum
629 787 773 824 poema
811 774 1013 824 exscripsit
1047 782 1090 813 ut
1119 774 1159 812 in
1191 777 1245 813 H.
1278 777 1327 825 36
1361 775 1634 814 Bibliothecae

296 839 540 878 Basilicanae
568 846 768 877 exaratum
796 846 876 877 est:
909 839 979 878 sed
1000 846 1038 877 et
1070 838 1155 877 uiro
1175 838 1402 887 clarissimo,
1434 841 1631 887 Bonneto‚

293 912 503 954 acceptum
523 904 647 942 refero
668 903 823 954 plenius
844 904 1102 954 apographon
1125 904 1482 954 Montepessulani.

348 970 471 1018 Quod
487 968 670 1008 ultimum
688 976 757 1015 est,
773 970 1011 1008 Affaecenatis
1025 968 1173 1019 Elegia,
1189 970 1241 1008 ad
1257 970 1333 1008 hoc
1347 983 1508 1020 quoque
1524 983 1631 1008 noua

293 1033 469 1073 subsidia
491 1047 571 1073 non
593 1034 813 1081 defuerunt,
833 1033 951 1072 Paris.
976 1036 1047 1072 162
1054 1036 1103 1083 36
1120 1047 1184 1072 uu.
1206 1047 1317 1084 1—43,
1334 1041 1373 1073 et
1387 1033 1630 1073 Mellicensis

293 1112 356 1137 uu.
385 1112 452 1136 1-2
459 1110 478 1148 5
512 1098 749 1146 continens,-
778 1106 862 1137 tum
893 1106 1044 1149 praeter
1064 1099 1255 1137 Arundel.
1283 1112 1366 1148 133,
1390 1098 1630 1138 Vaticanum

294 1164 430 1213 3269,l
453 1163 734 1214 Phillippicum
753 1165 865 1213 7283,
883 1163 1000 1202 etiam
1023 1163 1265 1202 Bodleianus
1290 1165 1405 1202 Auct.
1430 1165 1471 1202 F.
1496 1178 1530 1211 4.
1567 1165 1631 1212 28,

292 1227 360 1278 qui
382 1228 477 1266 olim
494 1228 621 1267 ‘Petri
635 1228 759 1267 Seruii
781 1228 926 1267 medici
940 1229 947 1245 ⁷
963 1229 1135 1267 Romani
1153 1228 1224 1266 fuit
1244 1243 1251 1266 z
1281 1230 1331 1267 de
1352 1242 1432 1278 quo
1446 1228 1631 1268 disseruit

292 1294 334 1331 F.
370 1294 522 1332 Madan
555 1293 594 1330 in
630 1293 823 1342 Catalogo
858 1292 1043 1331 codicum
1077 1292 1397 1332 Occidentalium
1438 1307 1474 1330 n.
1511 1295 1627 1343 8863.

293 1359 387 1406 Quo
407 1357 447 1395 in
477 1358 637 1397 edendo
664 1357 838 1396 carmine
865 1359 1033 1396 multum
1056 1371 1118 1396 me
1139 1357 1239 1396 iuuit
1267 1357 1484 1396 Alexandri
1506 1357 1631 1396 Riesii

292 1422 415 1461 nostri
449 1435 555 1461 noua
586 1422 765 1462 recensio
796 1436 915 1473 quam
948 1424 988 1460 in
1019 1423 1183 1461 Anthol.
1217 1424 1300 1460 Lat.
1326 1423 1380 1460 II.
1408 1424 1483 1470 760
1504 1422 1631 1473 publi-

291 1485 406 1526 cauit.
473 1489 531 1526 Ea
571 1487 695 1538 elegia
734 1487 874 1526 seriem
916 1486 1359 1537 Pseudo-Vergilianam
1399 1487 1547 1526 claudit
1590 1487 1629 1526 in

291 1552 484 1602 Catalogo
510 1552 786 1591 Murbacensis
815 1551 1013 1591 Coenobii
1043 1564 1143 1590 saec.
1176 1551 1265 1589 ix-x
1277 1552 1385 1601 apud
1416 1551 1629 1590 Manitium

292 1619 396 1656 Mus.
422 1619 552 1656 Rhen.
575 1618 747 1655 XLVII.

346 1681 481 1721 Liceat
502 1681 617 1721 nobis
639 1681 759 1720 libros
780 1681 1017 1731 subiungere
1038 1680 1106 1719 ubi
1123 1682 1173 1720 de
1194 1680 1254 1719 his
1276 1680 1476 1731 opusculis
1497 1681 1631 1731 dispu-

290 1747 488 1786 tanimus:
527 1748 578 1787 de
617 1748 742 1786 Culz'ce
773 1746 813 1784 in
844 1745 968 1785 Diarii
999 1744 1233 1796 Philologici
1272 1745 1499 1784 Americani
1531 1753 1627 1785 tom.

291 1812 370 1859 III,
401 1813 523 1859 VIII,
556 1813 722 1859 XXV1;
751 1812 801 1850 de
833 1812 923 1851 Cc‘ri
945 1819 1039 1849 tom.
1063 1812 1183 1858 VIII,
1206 1812 1294 1858 XV,
1316 1811 1430 1858 XVI,
1461 1812 1629 1859 XXVI3

290 1877 341 1915 de
367 1877 470 1926 Copa
500 1884 538 1915 et
564 1878 776 1926 Cataleptis
805 1884 899 1915 tom.
922 1878 959 1913 V
964 1877 1058 1924 III,
1088 1877 1139 1915 de
1158 1877 1279 1914 Diris
1307 1882 1345 1914 et
1374 1877 1501 1925 Lydia
1531 1883 1626 1916 tom.

289 1942 409 1988 VIII,
432 1944 481 1989 X,
504 1943 577 1989 XI,
594 1943 670 1980 XX
689 1956 699 1989 3
732 1942 782 1980 de
795 1942 1017 1979 Maecenate
1036 1948 1132 1979 tom.
1150 1942 1270 1988 VIII,
1291 1941 1360 1978 IX.
1422 1942 1628 1980 Praeterea

289 2007 340 2045 de
370 2006 491 2045 Diris
524 2005 661 2056 scripsi
691 2005 730 2044 in
754 2005 889 2045 Diario
911 2005 1158 2055 Philologico
1184 2004 1502 2055 Cantabrigiensi
1530 2013 1625 2044 tom.

288 2072 395 2110 VIII
413 2085 423 2119 3
463 2072 513 2110 de
549 2072 692 2111 Culicis
726 2070 962 2111 Corsiniano
994 2070 1134 2110 codice
1163 2069 1342 2109 eiusdem
1374 2069 1498 2108 Diarii
1529 2077 1626 2110 tom.

289 2137 388 2174 XVI
435 2143 473 2175 et
522 2135 783 2175 Recensionis
827 2135 1026 2176 Classicae
1068 2143 1163 2174 tom.
1203 2136 1275 2174 VI.
1336 2134 1414 2173 His
1463 2136 1626 2174 accedat

288 2201 328 2239 in
353 2200 531 2241 eiusdem
554 2201 816 2240 Recensionis
838 2208 930 2240 tom.
953 2203 1002 2239 X.
1030 2202 1211 2250 177—183
1238 2199 1380 2251 (1896)
1410 2199 1626 2250 disputatio

331 2305 342 2323 ¹
369 2304 459 2336 Huic
475 2315 615 2345 compar
634 2310 686 2337 est
708 2305 885 2336 Leidensis
900 2305 998 2336 Voss.
1021 2305 1094 2336 Lat.
1113 2304 1153 2336 O.
1174 2305 1217 2344 96
1233 2303 1289 2334 ubi
1307 2307 1383 2344 post
1401 2302 1623 2334 Maecenatem

287 2349 406 2380 eadem
431 2349 634 2389 subscriptio
658 2353 709 2380 est
730 2349 902 2390 (Bahrens
919 2349 955 2380 P.
983 2349 1018 2379 L.
1036 2348 1081 2380 M.
1100 2347 1125 2379 I.
1145 2358 1176 2388 p.
1199 2356 1266 2387 125,
1281 2346 1462 2379 Sabbadini
1481 2345 1628 2387 Scopet‘ti

287 2392 341 2423 dei
357 2391 466 2424 Codici
479 2392 596 2424 Latini
611 2403 627 2424 e
644 2391 735 2424 Greci
749 2393 798 2423 κε’
819 2392 928 2424 Secoli
940 2393 997 2422 xiv
1012 2403 1027 2423 e
1043 2402 1099 2431 xv,
1117 2401 1149 2432 p.
1171 2393 1259 2433 142).

926 2447 988 2485 xiv
