1820 2802
1332 140 1517 177 CVLEX

248 261 372 299 Hunc
400 259 469 299 ubi
498 259 709 298 sollicitum
738 258 886 298 dimisit
915 259 1054 298 inertia
1082 251 1187 298 uitae
1456 268 1516 307 385

182 323 353 363 interius
382 323 550 373 grauiter
578 331 871 374 regementem‚=¹
887 337 961 363 nec
990 323 1078 362 tulit
1107 326 1207 363 ultra

192 388 371 427 sensibus
400 388 573 427 infusum
603 388 738 428 culicis
768 389 818 428 de
848 396 974 428 morte
1001 390 1192 436 dolorem,

192 456 559 503 quantumcumque
588 452 662 491 sibi
692 453 793 492 uires
823 453 994 492 tribuere
1023 452 1176 500 seniles,

172 512 280 568 {quis
309 524 442 556 tamen
471 516 657 556 infestum
686 530 866 567 pugnans
895 517 1095 557 deuicerat
1124 509 1309 569 hostem}

191 581 319 620 riuum
348 589 507 632 propter
535 595 671 632 aquae,
703 581 819 621 uiridi
849 582 923 620 sub
952 583 1091 621 fronde
1120 583 1308 630 lateri-tem
1456 597 1520 631 390

191 648 437 686 conformare
466 648 598 685 locum
618 642 732 698 ‘capit
761 646 934 697 impiger.
993 648 1100 685 hunc
1130 654 1168 685 et
1196 646 1236 684 in
1265 646 1403 686 orbem

191 711 362 751 destinat
390 725 436 751 ac
464 711 553 751 ferri
581 713 767 762 capulum
796 712 978 767 repetiuit
1007 712 1047 765 in
1077 707 1202 760 usum,
1227 710 1231 715 ’

190 768 431 828 ςτάῐὴίᾑθαηι
460 777 576 817 uiridi
605 785 647 816 ut
676 778 827 817 foderet
856 779 906 817 de
936 772 1107 828 effespite
1137 785 1288 816 terram,

185 842 450 897 iarn-*memor
479 842 680 893 inceptum
709 856 899 893 peragens
929 842 1003 881 sibi
1032 856 1124 881 cura
1153 843 1328 882 laborem

190 914 421 957 congestum
451 907 667 946 cumulauit
696 920 807 957 opus,
838 915 957 957 atque
985 919 1123 957 aggere
1153 908 1277 946 multo
1457 921 1520 956 395

191 966 349 1010 telluris‘
366 960 541 1009 tumulus
570 972 781 1010 formatum
811 971 934 1010 creuit
963 971 1003 1009 in
1033 972 1181 1018 orbem,

191 1049 310 1087 quem
340 1035 486 1075 circum
516 1033 795 1091 lapidensgleui
825 1038 876 1075 de
906 1050 1100 1076 marmore
1129 1031 1330 1089 †formans'

191 1100 361 1140 conserit
380 1100 571 1146 <3ssiduae
600 1090 725 1140 curae*
745 1101 918 1154 memorss)
966 1101 1031 1140 hic
1061 1109 1099 1140 et
1128 1102 1319 1154 athos

190 1173 229 1205 et
257 1179 345 1204 rosa
373 1179 614 1216 purpureum
642 1178 822 1205 crescens
851 1166 1087 1216 pudibunda
1116 1180 1184 1217 per
1213 1166 1350 1205 orbem

189 1238 228 1270 et
258 1230 385 1270 uiolae
414 1244 534 1270 omne
562 1244 696 1281 genus.
755 1230 820 1269 hic
849 1238 907 1270 est
936 1239 975 1270 et
1004 1231 1178 1282 Spartica
1208 1239 1355 1281 myrtus
1456 1248 1523 1279 400

190 1303 309 1346 atque
338 1295 571 1350 hyacinthos
601 1303 639 1335 et
668 1295 733 1334 hic
763 1295 877 1336 Cilici
906 1309 1045 1335 crocus
1074 1296 1203 1335 editus
1232 1310 1338 1343 aruo,

190 1363 320 1400 laurus
349 1361 443 1401 item
474 1361 627 1401 Phoebi
656 1375 817 1412 surgens
846 1363 979 1401 decus.
1039 1362 1102 1401 hic
1132 1363 1421 1420 rhododaphne

189 1425 348 1476 liliaque
376 1433 415 1465 et
443 1425 538 1465 roris
567 1439 648 1465 non
677 1425 766 1465 auia
795 1439 887 1465 cura
916 1426 1066 1474 marini,

191 1491 392 1541 herbaque
421 1490 515 1529 turis
545 1504 640 1541 opes
670 1490 805 1541 priscis
835 1491 986 1531 imitata
1014 1492 1170 1540 Sabina,

190 1556 529 1606 chrysanthusque
557 1556 806 1606 hederaeque
836 1555 938 1595 nitor
967 1557 1137 1606 pallente
1167 1557 1367 1607 corymbo,
1457 1575 1520 1606 4c5

234 1659 297 1698 386
321 1663 553 1698 remegentem
572 1659 663 1690 Cors.
684 1658 741 1690 sed
756 1658 885 1690 adiectis
900 1660 1007 1700 signis
1021 1659 1206 1691 inuertendi
1331 1671 1396 1700 390
1420 1672 1520 1702 prop-

190 1707 243 1734 ter
260 1703 355 1734 Cant.
378 1701 427 1733 V:
452 1707 567 1741 preter
590 1701 657 1732 BF
681 1702 771 1733 cors.
803 1702 845 1732 M
974 1703 1092 1734 fronde
1113 1714 1152 1734 ex
1179 1704 1292 1735 fronte
1312 1703 1375 1735 M:
1406 1705 1519 1737 fronte

192 1746 229 1785 (d
245 1745 422 1786 suprascr.)
443 1746 539 1777 Cant.
673 1755 737 1785 392
761 1745 898 1777 distinat
914 1746 954 1776 M
1006 1746 1161 1786 copulum
1179 1746 1213 1777 F
1330 1757 1396 1787 393
1420 1749 1520 1780 uiridi

192 1794 228 1820 ut
256 1788 387 1820 foderet
420 1789 470 1829 (ut
495 1790 676 1830 suprascr.)
707 1788 758 1820 V:
789 1789 889 1820 uiridi
916 1789 1048 1821 foderet
1075 1791 1156 1831 (om.
1185 1790 1236 1824 ut)
1266 1793 1316 1822 n:
1354 1801 1456 1831 gram.
1485 1797 1521 1823 ut

190 1831 337 1863 Bembus
468 1842 531 1872 394
556 1831 640 1872 iarn]
658 1836 723 1863 tam
741 1832 772 1863 P
908 1843 971 1873 397
996 1833 1144 1873 lapidum
1165 1833 1195 1862 V
1211 1833 1303 1865 Voss.
1436 1835 1521 1875 fort.

189 1876 361 1907 adornans
450 1877 515 1916 398
538 1876 702 1906 achantos
718 1875 820 1907 FPM
836 1876 925 1908 Cors.
944 1887 952 1907 :
983 1877 1147 1908 achantos
1167 1877 1204 1916 (h
1216 1881 1294 1916 post
1309 1883 1321 1909 t
1337 1880 1520 1920 suprascr.)

190 1918 223 1950 Β
404 1929 468 1959 399
491 1923 646 1950 crescent
670 1918 906 1951 BMPVCors.
923 1919 1017 1951 Cant.
1035 1931 1041 1950 :
1074 1921 1252 1959 quiescant
1267 1919 1301 1951 F
1425 1921 1520 1961 pudi-

192 1962 305 1994 bunda
324 1961 356 1993 V
370 1962 459 1993 Cors.
474 1974 480 1993 :
513 1962 700 1993 rubibunda
716 1962 748 1993 Β
764 1974 770 1993 z
802 1963 987 1994 rubicunda
1004 1962 1105 1994 FPM
1119 1963 1213 1995 Cant.
1325 1975 1386 2004 per
1402 1965 1518 1996 orbem

193 2006 286 2038 Cant.
302 2017 309 2036 z
334 2011 498 2037 terrorem
514 2006 552 2046 F,
571 2005 604 2036 Β
617 2011 721 2046 supra
738 2005 827 2046 quod
840 2007 992 2038 recentior
1013 2017 1136 2038 manus
1152 2006 1324 2047 adscripsit
1348 2008 1494 2039 colorem
1512 2020 1519 2039 ε

189 2054 342 2081 tenorem
359 2047 511 2081 Mediol.:
536 2049 691 2080 ruborem
712 2049 742 2079 V
756 2050 844 2081 Cors.
993 2061 1058 2089 400
1083 2051 1211 2090 pastica
1229 2050 1319 2083 Cors.
1337 2062 1344 2082 z
1369 2052 1521 2091 parthica

195 2091 227 2122 V
388 2103 448 2132 401
476 2093 644 2124 iacinthos
668 2092 710 2122 M
730 2093 848 2125 Cant.:
887 2094 1031 2124 iaeintos
1054 2093 1087 2123 Β
1239 2094 1372 2135 crocus]
1408 2105 1464 2126 cro
1490 2095 1524 2125 F

189 2139 336 2176 sequente
358 2137 483 2176 spatio:
515 2146 633 2168 crosus
657 2136 720 2168 PB
865 2147 930 2176 402
970 2138 1074 2168 decus
1104 2147 1248 2176 surgens
1272 2137 1386 2169 codd.:
1417 2138 1520 2169 decus

190 2179 311 2219 ingens
341 2179 526 2210 Housman
690 2180 889 2218 orodapnhe
915 2180 976 2211 M:
1015 2180 1262 2220 rododalphine
1296 2180 1387 2211 Cors.
1418 2181 1519 2221 phebi

189 2222 291 2254 decus
306 2227 342 2253 ut
360 2224 410 2263 (et
429 2222 538 2265 Voss.)
555 2233 614 2254 sua
631 2224 756 2263 pagina
772 2224 854 2254 dicit
880 2222 912 2253 V
920 2223 1012 2255 Voss.
1103 2233 1168 2263 403
1191 2223 1275 2254 roris
1295 2223 1385 2255 Cora
1400 2236 1406 2255 :
1431 2225 1519 2256 rosis

189 2264 324 2297 BFMP
347 2266 441 2298 Cant.
577 2277 656 2297 cura
680 2266 794 2298 codd.:
827 2272 901 2297 tura
930 2267 1065 2297 Ribbeck
1189 2277 1253 2306 404
1278 2277 1363 2306 opus
1387 2266 1521 2308 Machly

189 2310 323 2341 sabinas
339 2309 421 2340 PV:
448 2309 584 2342 Sabinis
599 2310 736 2342 Ribbeck
823 2319 886 2350 405
911 2311 1164 2350 hrysantusque
1180 2310 1233 2341 B:
1256 2311 1519 2350 chrisantusque

191 2353 280 2384 Cors.
299 2364 305 2383 τ
330 2353 498 2385 crisantus
513 2353 544 2383 V
1157 2381 1161 2384 .
