1820 2802
313 139 498 179 CVLEX

310 262 377 288 seu
409 250 530 288 decus
560 249 748 296 Asteriae,
781 261 849 288 seu
880 261 957 298 qua
989 246 1173 286 Parnasia
1202 258 1316 297 rupes
1604 261 1640 292 ¹5

310 314 402 353 hinc
431 322 550 365 atque
580 314 672 353 hinc
702 315 835 365 patula
864 312 1097 364 praepandit
1127 324 1274 350 cornua
1304 312 1441 357 fronte,

311 379 587 429 Castaliaeque
617 392 762 418 sonans
791 377 945 428 liquido
974 378 1077 428 pede
1106 375 1249 415 labitur
1278 376 1395 415 unda.

311 458 431 495 quare
461 444 577 483 Pierii
606 444 732 483 laticis
762 445 894 491 decus,
928 442 991 490 ite,
1024 455 1175 481 sorores

313 509 474 557 Naides,
506 518 545 549 et
573 510 769 549 celebrate
793 510 914 548 deum
944 509 1159 558 plaudente
1189 508 1343 546 chorea.

312 582 350 613 et
380 582 422 613 tu
451 582 587 625 sancta
605 576 740 627 VPales,
769 575 820 612 ad
848 586 968 623 quarn
999 579 1165 611 uentura
1194 571 1355 610 recurrit
1605 585 1646 607 20

312 628 669 689 agrestum‘ssbona
699 652 836 678 secura
865 637 913 676 sit
943 650 1036 676 cura
1064 636 1260 677 tenentis†
1342 636 1346 637 ⁷

313 703 438 743 aerios
468 718 675 743 nemorum
706 705 833 742 cultus
863 703 1062 752 siluasque
1091 702 1277 741 uirentis:

315 776 353 807 te
383 768 543 808 cultrice
573 782 695 819 uagus
725 770 845 807 saltus
876 769 977 805 feror
1006 766 1106 806 inter
1135 774 1173 805 et
1202 774 1323 806 antra.

369 835 420 873 Et
450 840 491 871 tu
521 833 584 872 cui
616 832 761 872 meritis
791 832 911 871 oritur
940 831 1085 870 fiducia
1114 831 1268 878 chartis,

317 897 460 937 Octaui
490 899 730 947 uenerande,
759 897 857 936 meis
887 897 1072 936 adlabere
1102 897 1263 948 coeptis,
1611 913 1649 945 25

316 970 451 1002 sancte
481 977 587 1013 puer,
620 963 691 1002 tibi
720 976 893 1013 namque
922 962 1026 1001 canit
1056 975 1138 1000 non
1168 962 1310 1013 pagina
1340 964 1488 1002 bellum

316 1027 424 1066 triste
456 1027 564 1066 Iouis
593 1027 787 1079 ponitque
843 1059 851 1067 .
911 1060 918 1067 .

317 1094 494 1144 Phlegra,
527 1093 723 1145 Giganteo
753 1107 886 1145 sparsa
914 1101 973 1133 est
1001 1107 1103 1144 quae
1135 1093 1325 1144 sanguine
1355 1095 1480 1141 tellus,

317 1172 391 1197 nec
421 1159 666 1198 Centaureos
696 1159 885 1210 Lapithas
915 1159 1116 1210 compellit
1145 1159 1186 1197 in
1216 1159 1332 1206 ensis,

318 1223 392 1262 urit
424 1223 703 1263 Erichthonias
733 1224 875 1264 Oriens
904 1238 985 1263 non
1015 1223 1172 1275 ignibus
1201 1237 1321 1271 arces,
1437 1265 1444 1271 ,
1611 1240 1652 1271 30

319 1301 400 1327 non
430 1289 628 1339 perfossus
659 1290 787 1328 Athos
817 1302 891 1328 nec
921 1302 1066 1339 magno
1095 1288 1255 1327 uincula
1284 1296 1409 1339 ponto

367 1401 405 1431 15
430 1392 577 1423 asteriae
594 1390 655 1422 M:
678 1393 801 1423 asterie
827 1392 915 1425 Cor-s.
936 1404 943 1424 ε
967 1392 1122 1432 astrigeri
1147 1391 1231 1422 Bu:
1262 1392 1465 1431 astrigerum
1491 1395 1537 1423 1¹:
1561 1392 1656 1424 astri-

318 1436 428 1466 ferum
444 1435 473 1466 G
564 1438 604 1466 16
627 1437 807 1476 prependit
822 1441 984 1477 suprascr.
1003 1438 1017 1467 l
1033 1435 1205 1476 pretendit
1227 1437 1271 1466 P:
1295 1436 1501 1475 pretendent
1520 1434 1549 1466 G
1619 1446 1656 1475 17

320 1489 426 1510 sonas
437 1479 563 1518 liquida
578 1479 667 1510 Cors.
684 1490 690 1509 :
709 1479 776 1518 liqo
788 1479 830 1509 M
912 1489 950 1518 19
967 1480 1151 1519 plaudente
1164 1478 1315 1510 Bembus
1329 1490 1337 1510 ς
1361 1478 1521 1510 laudente
1535 1479 1629 1510 Cant.
1650 1490 1656 1509 :

322 1523 458 1553 ludente
483 1525 509 1551 Ω
693 1534 735 1553 20
759 1524 847 1562 quod
865 1528 900 1554 tu
920 1523 948 1554 G
1073 1523 1115 1553 ad
1132 1532 1231 1561 quam
1251 1522 1366 1563 (quem
1385 1522 1496 1563 Cant.)
1514 1526 1655 1553 uentura

323 1566 464 1597 recurrit
482 1568 507 1595 Ω
523 1577 530 1596 :
555 1565 670 1596 uotiua
687 1565 867 1597 Heinsius:
898 1576 984 1605 gens
1001 1567 1085 1597 dura
1101 1564 1200 1606 Sz'llzjg
1316 1575 1355 1596 21
1382 1570 1553 1604 agrestum
1569 1565 1656 1597 bona

322 1619 441 1640 secura
461 1609 582 1649 (fetura
611 1608 642 1638 V
657 1609 764 1649 Cors.)
783 1610 826 1640 sit
844 1620 924 1641 cura
941 1614 1097 1641 tenentes
1122 1609 1286 1650 (tenentis
1301 1609 1376 1640 ΒΜ
1387 1608 1477 1640 Cors.
1491 1608 1603 1649 Cant.)
1631 1612 1656 1639 Ω

324 1652 437 1693 Longe
459 1652 553 1683 aliter
576 1652 642 1683 duo
665 1652 781 1684 codices
807 1653 872 1693 Gr,
889 1664 1034 1693 quorum
1057 1653 1152 1684 habet
1172 1657 1344 1692 agrestum
1370 1653 1457 1683 bona
1481 1662 1555 1683 sors
1576 1662 1656 1684 cura

1091 1704 1149 1722 sors
1405 1704 1440 1721 ue

323 1739 442 1760 secura
471 1734 661 1769 tenensque
681 1729 732 1760 G:
764 1734 934 1769 agrestum
959 1730 1047 1760 bona
1195 1729 1235 1770 sit
1262 1704 1401 1760 securaq
1513 1730 1553 1769 sit
1578 1739 1656 1761 cura

323 1777 499 1804 tenentem
522 1776 557 1813 P,
576 1773 662 1803 unde
682 1773 875 1804 com'eceram
906 1778 1079 1812 agrestum
1112 1773 1199 1804 bona
1229 1782 1304 1804 sors
1337 1766 1654 1812 securaque'lucra,

323 1821 490 1856 tenesque
505 1827 513 1846 ε
538 1821 707 1855 agrestum
725 1816 835 1847 fetura
845 1816 1007 1847 Heinsius
1022 1828 1028 1847 :
1052 1820 1223 1855 agrestum
1240 1816 1329 1847 bona
1345 1826 1429 1855 gens
1446 1826 1564 1847 secure
1582 1827 1658 1847 rura

323 1865 500 1891 tenentum
528 1860 667 1900 Haupt:
699 1859 787 1890 bona
813 1860 909 1890 turba
932 1860 1072 1890 recurrit
1088 1864 1256 1898 agrestum
1276 1869 1393 1890 secura
1410 1860 1473 1890 sibi
1495 1870 1556 1890 sua
1579 1870 1658 1891 rura

325 1908 483 1934 tenentes
495 1902 642 1933 Ribbeck¹
653 1914 659 1933 :
672 1903 758 1933 bona
770 1904 865 1934 turba
877 1913 900 1934 r.
915 1913 967 1942 ag.
980 1903 1048 1934 uoti
1060 1912 1189 1943 secura,
1200 1908 1294 1933 tuere
1307 1907 1480 1934 tenentem
1489 1903 1660 1934 Baehrens

326 1956 369 1986 23
385 1946 523 1977 cultrice
538 1949 574 1985 Ω,
594 1946 632 1986 cs.
653 1946 739 1977 Stat.
760 1946 853 1979 Theb.
873 1947 926 1977 IV.
940 1956 1003 1985 425
1024 1948 1031 1963 ‘
1045 1947 1176 1977 nemori
1195 1946 1336 1977 Latonia
1349 1947 1469 1977 cultrix
1484 1947 1620 1977 additur
1631 1946 1639 1960 ¹
1656 1959 1662 1978 :

327 1990 449 2021 tutrice
461 1989 608 2029 Scalzger
679 1994 772 2020 astra
784 1993 809 2020 Ω
826 2001 833 2020 :
856 1994 952 2020 antra
963 1990 1076 2030 Heyne
1150 2000 1191 2028 24
1215 1990 1308 2020 canis
1321 1990 1373 2021 GP
1389 2001 1396 2021 z
1420 1990 1522 2020 castis
1536 1990 1631 2021 Cant.
1653 2002 1660 2021 :

327 2044 411 2064 num
430 2034 571 2064 castris?
683 2042 724 2071 25
749 2033 894 2064 allabere
914 2033 965 2064 GP
1070 2043 1110 2072 27
1130 2037 1207 2074 post
1221 2033 1384 2073 ponitque
1400 2033 1516 2064 codices
1533 2033 1663 2064 addunt

328 2078 417 2108 canit
445 2087 512 2107 non
543 2076 665 2116 pagina
694 2076 830 2117 bellum,
864 2087 903 2107 ex
928 2077 970 2106 26
989 2082 1049 2118 per
1067 2087 1206 2107 errorem
1234 2078 1372 2118 repetita,
1402 2075 1515 2118 (acies
1539 2077 1660 2116 quibus

328 2119 458 2151 horruit
474 2119 751 2162 olim>suppleuit
766 2120 940 2151 Buecheler
1026 2130 1160 2151 uersum
1186 2130 1250 2151 om.
1283 2121 1313 2151 V
1313 2120 1342 2150 G
1431 2121 1594 2160 ponitque
1612 2123 1638 2150 Ω
1654 2132 1661 2151 :

330 2163 529 2203 Rhoecique
545 2163 598 2194 uel
612 2162 765 2202 Coeique
789 2163 990 2194 Taubmann
1006 2175 1013 2194 :
1050 2163 1245 2203 Rhoetique
1264 2163 1453 2195 Gronouius
1469 2174 1475 2194 :
1501 2163 1661 2202 Cottique

331 2205 532 2247 Oudendorp
546 2217 554 2237 :
579 2206 769 2246 Phorcique
786 2206 887 2247 Sillzjg
900 2219 907 2239 :
932 2207 1097 2247 Pontique
1110 2217 1167 2248 ego
1180 2207 1257 2237 olim
1361 2207 1404 2237 28
1420 2211 1472 2238 est
1481 2217 1549 2238 om.
1564 2206 1657 2238 Cant.

330 2260 397 2289 que
422 2249 543 2283 nBM:
570 2260 637 2289 quo
658 2250 709 2281 GP
726 2262 734 2280 :
759 2260 857 2289 quom
870 2249 969 2292 Sillig
1066 2261 1109 2290 30
1131 2254 1205 2280 urat
1224 2250 1277 2281 B:
1301 2251 1402 2281 uertit
1422 2249 1475 2281 GP
1543 2250 1660 2282 erech-

331 2294 465 2325 thonias
484 2294 514 2323 Β
529 2305 535 2325 :
561 2293 775 2325 erecthonias
792 2298 821 2325 Π
