<?xml version="1.0" encoding="UTF-8"?>
<!DOCTYPE html PUBLIC "-//W3C//DTD XHTML 1.0 Transitional//EN"
    "http://www.w3.org/TR/xhtml1/DTD/xhtml1-transitional.dtd">
<html xmlns="http://www.w3.org/1999/xhtml" xml:lang="en" lang="en">
 <head>
  <title>
</title>
<meta http-equiv="Content-Type" content="text/html;charset=utf-8" />
  <meta name='ocr-system' content='tesseract 3.04.00' />
  <meta name='ocr-capabilities' content='ocr_page ocr_carea ocr_par ocr_line ocrx_word'/>
</head>
<body>
  <div class='ocr_page' id='page_1' title='image "./appendixvergilia00elliuoft_0117.png"; bbox 0 0 1820 2802; ppageno 0'>
   <div class='ocr_carea' id='block_1_1' title="bbox 1169 155 1542 194">
    <p class='ocr_par' dir='ltr' id='par_1_1' title="bbox 1169 155 1542 194">
     <span class='ocr_line' id='line_1_1' title="bbox 1169 155 1542 194; baseline -0.003 -1"><span class='ocrx_word' id='word_1_1' title='bbox 1169 155 1542 194; x_wconf 75' lang='lat' dir='ltr'><strong>CATALEPTON</strong></span> 
     </span>
    </p>
   </div>
   <div class='ocr_carea' id='block_1_2' title="bbox 221 310 1546 952">
    <p class='ocr_par' dir='ltr' id='par_1_2' title="bbox 786 310 869 346">
     <span class='ocr_line' id='line_1_2' title="bbox 786 310 869 346; baseline 0 0"><span class='ocrx_word' id='word_1_2' title='bbox 786 310 869 346; x_wconf 87' lang='lat' dir='ltr'><strong>XII</strong></span> 
     </span>
    </p>

    <p class='ocr_par' dir='ltr' id='par_1_3' title="bbox 221 383 1546 952">
     <span class='ocr_line' id='line_1_3' title="bbox 277 383 1063 437; baseline -0.009 -11"><span class='ocrx_word' id='word_1_3' title='bbox 277 386 451 437; x_wconf 80' lang='lat' dir='ltr'>Superbe</span> <span class='ocrx_word' id='word_1_4' title='bbox 482 384 691 431; x_wconf 80' lang='lat' dir='ltr'><strong>Noctuine,</strong></span> <span class='ocrx_word' id='word_1_5' title='bbox 724 383 905 434; x_wconf 85' lang='lat' dir='ltr'><strong>putidum</strong></span> <span class='ocrx_word' id='word_1_6' title='bbox 935 391 1063 433; x_wconf 81' lang='lat' dir='ltr'><strong>eaput,</strong></span> 
     </span>
     <span class='ocr_line' id='line_1_4' title="bbox 223 448 1065 500; baseline -0.006 -10"><span class='ocrx_word' id='word_1_7' title='bbox 223 453 336 491; x_wconf 91' lang='lat' dir='ltr'><strong>datur</strong></span> <span class='ocrx_word' id='word_1_8' title='bbox 366 450 435 489; x_wconf 85' lang='lat' dir='ltr'><strong>tibi</strong></span> <span class='ocrx_word' id='word_1_9' title='bbox 465 451 604 500; x_wconf 83' lang='lat' dir='ltr'><strong>puella,</strong></span> <span class='ocrx_word' id='word_1_10' title='bbox 636 462 754 500; x_wconf 74' lang='lat' dir='ltr'><strong>quani</strong></span> <span class='ocrx_word' id='word_1_11' title='bbox 785 448 896 499; x_wconf 86' lang='lat' dir='ltr'><strong>petis,</strong></span> <span class='ocrx_word' id='word_1_12' title='bbox 927 449 1065 494; x_wconf 80' lang='lat' dir='ltr'><strong>datur3</strong></span> 
     </span>
     <span class='ocr_line' id='line_1_5' title="bbox 222 511 1076 565; baseline -0.007 -10"><span class='ocrx_word' id='word_1_13' title='bbox 222 518 347 563; x_wconf 89' lang='lat' dir='ltr'><strong>datur,</strong></span> <span class='ocrx_word' id='word_1_14' title='bbox 379 515 545 565; x_wconf 78' lang='lat' dir='ltr'><strong>superbe</strong></span> <span class='ocrx_word' id='word_1_15' title='bbox 575 513 786 560; x_wconf 80' lang='lat' dir='ltr'><strong>Noctuine,</strong></span> <span class='ocrx_word' id='word_1_16' title='bbox 817 526 936 563; x_wconf 83' lang='lat' dir='ltr'><strong>quam</strong></span> <span class='ocrx_word' id='word_1_17' title='bbox 967 511 1076 562; x_wconf 64' lang='lat' dir='ltr'><strong>petis</strong></span> 
     </span>
     <span class='ocr_line' id='line_1_6' title="bbox 223 575 1049 629; baseline -0.006 -11"><span class='ocrx_word' id='word_1_18' title='bbox 223 582 304 627; x_wconf 86' lang='lat' dir='ltr'><strong>sed,</strong></span> <span class='ocrx_word' id='word_1_19' title='bbox 336 594 359 619; x_wconf 94' lang='lat' dir='ltr'><strong>o</strong></span> <span class='ocrx_word' id='word_1_20' title='bbox 389 579 555 629; x_wconf 78' lang='lat' dir='ltr'><strong>superbe</strong></span> <span class='ocrx_word' id='word_1_21' title='bbox 586 577 795 624; x_wconf 84' lang='lat' dir='ltr'><strong>Noctuine,</strong></span> <span class='ocrx_word' id='word_1_22' title='bbox 828 590 908 615; x_wconf 90' lang='lat' dir='ltr'><strong>non</strong></span> <span class='ocrx_word' id='word_1_23' title='bbox 938 575 1049 615; x_wconf 90' lang='lat' dir='ltr'><strong>uides</strong></span> 
     </span>
     <span class='ocr_line' id='line_1_7' title="bbox 222 642 1546 688; baseline -0.008 -4"><span class='ocrx_word' id='word_1_24' title='bbox 222 646 320 684; x_wconf 83' lang='lat' dir='ltr'><strong>duas</strong></span> <span class='ocrx_word' id='word_1_25' title='bbox 350 645 494 684; x_wconf 87' lang='lat' dir='ltr'><strong>habere</strong></span> <span class='ocrx_word' id='word_1_26' title='bbox 524 643 620 682; x_wconf 83' lang='lat' dir='ltr'><strong>filias</strong></span> <span class='ocrx_word' id='word_1_27' title='bbox 649 642 825 688; x_wconf 86' lang='lat' dir='ltr'><strong>Atilium,</strong></span> <span class='ocrx_word' id='word_1_28' title='bbox 1528 652 1546 684; x_wconf 87' lang='lat'><strong>5</strong></span> 
     </span>
     <span class='ocr_line' id='line_1_8' title="bbox 222 705 1023 757; baseline -0.009 -8"><span class='ocrx_word' id='word_1_29' title='bbox 222 711 330 757; x_wconf 82' lang='lat' dir='ltr'><strong>duas,</strong></span> <span class='ocrx_word' id='word_1_30' title='bbox 363 717 400 748; x_wconf 92' lang='lat' dir='ltr'><strong>et</strong></span> <span class='ocrx_word' id='word_1_31' title='bbox 430 710 531 748; x_wconf 83' lang='lat' dir='ltr'><strong>hanc</strong></span> <span class='ocrx_word' id='word_1_32' title='bbox 560 715 598 747; x_wconf 90' lang='lat' dir='ltr'><strong>et</strong></span> <span class='ocrx_word' id='word_1_33' title='bbox 626 709 798 754; x_wconf 82' lang='lat' dir='ltr'><strong>alteram,</strong></span> <span class='ocrx_word' id='word_1_34' title='bbox 830 705 901 744; x_wconf 88' lang='lat' dir='ltr'><strong>tibi</strong></span> <span class='ocrx_word' id='word_1_35' title='bbox 930 705 1023 744; x_wconf 87' lang='lat' dir='ltr'><strong>dari.</strong></span> 
     </span>
     <span class='ocr_line' id='line_1_9' title="bbox 221 771 1078 821; baseline -0.007 -8"><span class='ocrx_word' id='word_1_36' title='bbox 221 776 356 815; x_wconf 80' lang='lat' dir='ltr'><strong>adeste</strong></span> <span class='ocrx_word' id='word_1_37' title='bbox 385 787 500 821; x_wconf 86' lang='lat' dir='ltr'><strong>nunc,</strong></span> <span class='ocrx_word' id='word_1_38' title='bbox 533 774 691 812; x_wconf 80' lang='lat' dir='ltr'><strong>adeste:</strong></span> <span class='ocrx_word' id='word_1_39' title='bbox 730 771 849 818; x_wconf 87' lang='lat' dir='ltr'><strong>ducit,</strong></span> <span class='ocrx_word' id='word_1_40' title='bbox 882 777 924 808; x_wconf 86' lang='lat' dir='ltr'><strong>ut</strong></span> <span class='ocrx_word' id='word_1_41' title='bbox 953 771 1078 816; x_wconf 86' lang='lat' dir='ltr'><strong>decet,</strong></span> 
     </span>
     <span class='ocr_line' id='line_1_10' title="bbox 222 835 1005 890; baseline -0.008 -12"><span class='ocrx_word' id='word_1_42' title='bbox 222 839 413 890; x_wconf 83' lang='lat' dir='ltr'><strong>superbus</strong></span> <span class='ocrx_word' id='word_1_43' title='bbox 442 851 534 877; x_wconf 83' lang='lat' dir='ltr'><strong>ecce</strong></span> <span class='ocrx_word' id='word_1_44' title='bbox 564 836 788 876; x_wconf 85' lang='lat' dir='ltr'><strong>Noctuinus</strong></span> <span class='ocrx_word' id='word_1_45' title='bbox 817 835 1005 874; x_wconf 82' lang='lat' dir='ltr'><strong>hirneam.</strong></span> 
     </span>
     <span class='ocr_line' id='line_1_11' title="bbox 221 901 806 952; baseline -0.007 -9"><span class='ocrx_word' id='word_1_46' title='bbox 221 906 256 943; x_wconf 88' lang='grc' dir='ltr'><strong>Τ</strong></span> <span class='ocrx_word' id='word_1_47' title='bbox 259 904 394 952; x_wconf 82' lang='lat' dir='ltr'><strong>alasio,</strong></span> <span class='ocrx_word' id='word_1_48' title='bbox 422 905 457 941; x_wconf 87' lang='lat' dir='ltr'>T</span> <span class='ocrx_word' id='word_1_49' title='bbox 460 902 592 950; x_wconf 80' lang='lat' dir='ltr'><strong>alasio,</strong></span> <span class='ocrx_word' id='word_1_50' title='bbox 623 904 657 940; x_wconf 90' lang='lat' dir='ltr'>T</span> <span class='ocrx_word' id='word_1_51' title='bbox 660 901 806 940; x_wconf 79' lang='lat' dir='ltr'><strong>alasiol</strong></span> 
     </span>
    </p>
   </div>
   <div class='ocr_carea' id='block_1_3' title="bbox 776 1055 882 1092">
    <p class='ocr_par' dir='ltr' id='par_1_4' title="bbox 776 1055 882 1092">
     <span class='ocr_line' id='line_1_12' title="bbox 776 1055 882 1092; baseline 0.009 -1"><span class='ocrx_word' id='word_1_52' title='bbox 776 1055 882 1092; x_wconf 91' lang='lat' dir='ltr'>XIII</span> 
     </span>
    </p>
   </div>
   <div class='ocr_carea' id='block_1_4' title="bbox 222 1129 1542 1440">
    <p class='ocr_par' dir='ltr' id='par_1_5' title="bbox 222 1129 1542 1440">
     <span class='ocr_line' id='line_1_13' title="bbox 224 1129 1166 1182; baseline -0.006 -9"><span class='ocrx_word' id='word_1_53' title='bbox 224 1136 357 1174; x_wconf 84' lang='lat' dir='ltr'><strong>Iacere</strong></span> <span class='ocrx_word' id='word_1_54' title='bbox 387 1146 463 1180; x_wconf 78' lang='lat' dir='ltr'><strong>me,</strong></span> <span class='ocrx_word' id='word_1_55' title='bbox 492 1133 602 1182; x_wconf 82' lang='lat' dir='ltr'><strong>quod</strong></span> <span class='ocrx_word' id='word_1_56' title='bbox 631 1133 710 1169; x_wconf 85' lang='lat' dir='ltr'><strong>alta</strong></span> <span class='ocrx_word' id='word_1_57' title='bbox 740 1144 820 1169; x_wconf 87' lang='lat' dir='ltr'><strong>non</strong></span> <span class='ocrx_word' id='word_1_58' title='bbox 850 1129 1009 1181; x_wconf 83' lang='lat' dir='ltr'><strong>possim,</strong></span> <span class='ocrx_word' id='word_1_59' title='bbox 1043 1136 1166 1179; x_wconf 48' lang='lat' dir='ltr'><strong>putas</strong></span> 
     </span>
     <span class='ocr_line' id='line_1_14' title="bbox 275 1196 762 1245; baseline -0.008 -7"><span class='ocrx_word' id='word_1_60' title='bbox 275 1207 317 1238; x_wconf 89' lang='lat' dir='ltr'><strong>ut</strong></span> <span class='ocrx_word' id='word_1_61' title='bbox 345 1205 448 1245; x_wconf 85' lang='lat' dir='ltr'><strong>ante,</strong></span> <span class='ocrx_word' id='word_1_62' title='bbox 479 1196 624 1236; x_wconf 81' lang='lat' dir='ltr'><strong>uectari</strong></span> <span class='ocrx_word' id='word_1_63' title='bbox 655 1198 762 1243; x_wconf 83' lang='lat' dir='ltr'><strong>freta,</strong></span> 
     </span>
     <span class='ocr_line' id='line_1_15' title="bbox 222 1259 1124 1311; baseline -0.006 -8"><span class='ocrx_word' id='word_1_64' title='bbox 222 1278 295 1304; x_wconf 89' lang='lat' dir='ltr'><strong>nec</strong></span> <span class='ocrx_word' id='word_1_65' title='bbox 325 1265 421 1302; x_wconf 88' lang='lat' dir='ltr'><strong>ferre</strong></span> <span class='ocrx_word' id='word_1_66' title='bbox 449 1264 591 1302; x_wconf 85' lang='lat' dir='ltr'><strong>durum</strong></span> <span class='ocrx_word' id='word_1_67' title='bbox 620 1260 738 1311; x_wconf 85' lang='lat' dir='ltr'><strong>frigus</strong></span> <span class='ocrx_word' id='word_1_68' title='bbox 768 1267 834 1299; x_wconf 84' lang='lat' dir='ltr'><strong>aut</strong></span> <span class='ocrx_word' id='word_1_69' title='bbox 862 1267 1015 1299; x_wconf 85' lang='lat' dir='ltr'><strong>aestum</strong></span> <span class='ocrx_word' id='word_1_70' title='bbox 1044 1259 1124 1310; x_wconf 79' lang='lat' dir='ltr'><strong>pati</strong></span> 
     </span>
     <span class='ocr_line' id='line_1_16' title="bbox 275 1325 897 1379; baseline -0.008 -11"><span class='ocrx_word' id='word_1_71' title='bbox 275 1342 405 1379; x_wconf 86' lang='lat' dir='ltr'><strong>neque</strong></span> <span class='ocrx_word' id='word_1_72' title='bbox 433 1341 541 1366; x_wconf 81' lang='lat' dir='ltr'><strong>arma</strong></span> <span class='ocrx_word' id='word_1_73' title='bbox 568 1326 726 1365; x_wconf 84' lang='lat' dir='ltr'><strong>uictoris</strong></span> <span class='ocrx_word' id='word_1_74' title='bbox 757 1325 897 1376; x_wconf 88' lang='lat' dir='ltr'><strong>sequi?</strong></span> 
     </span>
     <span class='ocr_line' id='line_1_17' title="bbox 222 1389 1542 1440; baseline -0.006 -7"><span class='ocrx_word' id='word_1_75' title='bbox 222 1395 366 1440; x_wconf 80' lang='lat' dir='ltr'><strong>ualent,</strong></span> <span class='ocrx_word' id='word_1_76' title='bbox 397 1393 530 1432; x_wconf 82' lang='lat' dir='ltr'><strong>ualent</strong></span> <span class='ocrx_word' id='word_1_77' title='bbox 560 1390 655 1429; x_wconf 88' lang='lat' dir='ltr'><strong>mihi</strong></span> <span class='ocrx_word' id='word_1_78' title='bbox 685 1390 740 1429; x_wconf 85' lang='lat' dir='ltr'><strong>ira</strong></span> <span class='ocrx_word' id='word_1_79' title='bbox 768 1398 807 1429; x_wconf 90' lang='lat' dir='ltr'><strong>et</strong></span> <span class='ocrx_word' id='word_1_80' title='bbox 835 1389 1020 1440; x_wconf 83' lang='lat' dir='ltr'><strong>antiquus</strong></span> <span class='ocrx_word' id='word_1_81' title='bbox 1050 1389 1154 1428; x_wconf 87' lang='lat' dir='ltr'><strong>furor</strong></span> <span class='ocrx_word' id='word_1_82' title='bbox 1525 1403 1542 1433; x_wconf 89' lang='lat'>5</span> 
     </span>
    </p>
   </div>
   <div class='ocr_carea' id='block_1_5' title="bbox 221 1454 990 1574">
    <p class='ocr_par' dir='ltr' id='par_1_6' title="bbox 221 1454 990 1574">
     <span class='ocr_line' id='line_1_18' title="bbox 275 1454 920 1508; baseline -0.008 -10"><span class='ocrx_word' id='word_1_83' title='bbox 275 1467 314 1498; x_wconf 87' lang='lat' dir='ltr'><strong>et</strong></span> <span class='ocrx_word' id='word_1_84' title='bbox 342 1458 484 1508; x_wconf 82' lang='lat' dir='ltr'><strong>lingua,</strong></span> <span class='ocrx_word' id='word_1_85' title='bbox 516 1470 594 1507; x_wconf 86' lang='lat' dir='ltr'><strong>qua</strong></span> <span class='ocrx_word' id='word_1_86' title='bbox 623 1454 809 1500; x_wconf 74' lang='lat' dir='ltr'><strong>thas-sim</strong></span> <span class='ocrx_word' id='word_1_87' title='bbox 838 1455 920 1500; x_wconf 84' lang='lat' dir='ltr'><strong>tibi,</strong></span> 
     </span>
     <span class='ocr_line' id='line_1_19' title="bbox 221 1519 990 1574; baseline -0.007 -12"><span class='ocrx_word' id='word_1_88' title='bbox 221 1532 259 1562; x_wconf 88' lang='lat' dir='ltr'><strong>et</strong></span> <span class='ocrx_word' id='word_1_89' title='bbox 288 1522 517 1574; x_wconf 83' lang='lat' dir='ltr'><strong>prostitutae</strong></span> <span class='ocrx_word' id='word_1_90' title='bbox 546 1528 658 1571; x_wconf 88' lang='lat' dir='ltr'><strong>turpe</strong></span> <span class='ocrx_word' id='word_1_91' title='bbox 687 1519 990 1559; x_wconf 86' lang='lat' dir='ltr'><strong>contubernium</strong></span> 
     </span>
    </p>
   </div>
   <div class='ocr_carea' id='block_1_6' title="bbox 265 1617 1547 1664">
    <p class='ocr_par' dir='ltr' id='par_1_7' title="bbox 265 1617 1547 1664">
     <span class='ocr_line' id='line_1_20' title="bbox 265 1617 1547 1664; baseline -0.005 -8"><span class='ocrx_word' id='word_1_92' title='bbox 265 1625 343 1656; x_wconf 87' lang='lat' dir='ltr'>XII.</span> <span class='ocrx_word' id='word_1_93' title='bbox 374 1636 387 1656; x_wconf 90' lang='lat'>1</span> <span class='ocrx_word' id='word_1_94' title='bbox 414 1625 585 1656; x_wconf 85' lang='lat' dir='ltr'><strong>Noctuine</strong></span> <span class='ocrx_word' id='word_1_95' title='bbox 613 1624 766 1664; x_wconf 88' lang='lat' dir='ltr'><strong>puditum</strong></span> <span class='ocrx_word' id='word_1_96' title='bbox 793 1623 846 1654; x_wconf 79' lang='lat' dir='ltr'><strong>B:</strong></span> <span class='ocrx_word' id='word_1_97' title='bbox 886 1628 985 1654; x_wconf 89' lang='lat' dir='ltr'><strong>noctu</strong></span> <span class='ocrx_word' id='word_1_98' title='bbox 1014 1621 1211 1662; x_wconf 87' lang='lat' dir='ltr'><strong>repudicum</strong></span> <span class='ocrx_word' id='word_1_99' title='bbox 1239 1621 1334 1661; x_wconf 76' lang='lat' dir='ltr'><strong>(-tum</strong></span> <span class='ocrx_word' id='word_1_100' title='bbox 1361 1618 1418 1649; x_wconf 78' lang='lat' dir='ltr'><strong>Ar</strong></span> <span class='ocrx_word' id='word_1_101' title='bbox 1442 1617 1547 1660; x_wconf 85' lang='lat' dir='ltr'><strong>Med.)</strong></span> 
     </span>
    </p>
   </div>
   <div class='ocr_carea' id='block_1_7' title="bbox 222 1663 1541 1707">
    <p class='ocr_par' dir='ltr' id='par_1_8' title="bbox 150 1663 1541 1707">
     <span class='ocr_line' id='line_1_21' title="bbox 222 1663 1541 1707; baseline -0.005 -8.362"><span class='ocrx_word' id='word_1_102' title='bbox 222 1668 264 1699; x_wconf 84' lang='lat' dir='ltr'><em>M</em></span> <span class='ocrx_word' id='word_1_103' title='bbox 276 1668 331 1698; x_wconf 85' lang='lat' dir='ltr'><strong>Ar</strong></span> <span class='ocrx_word' id='word_1_104' title='bbox 344 1667 430 1700; x_wconf 87' lang='lat' dir='ltr'><strong>Med.</strong></span> <span class='ocrx_word' id='word_1_105' title='bbox 449 1680 456 1700; x_wconf 91' lang='lat'><strong>:</strong></span> <span class='ocrx_word' id='word_1_106' title='bbox 487 1668 664 1699; x_wconf 87' lang='lat' dir='ltr'><strong>recutitum</strong></span> <span class='ocrx_word' id='word_1_107' title='bbox 688 1667 925 1707; x_wconf 69' lang='lat' dir='ltr'><strong>Neapolitanus</strong></span> <span class='ocrx_word' id='word_1_108' title='bbox 947 1670 977 1696; x_wconf 81' lang='lat' dir='ltr'><strong>et</strong></span> <span class='ocrx_word' id='word_1_109' title='bbox 997 1665 1043 1696; x_wconf 82' lang='lat' dir='ltr'><strong>sic</strong></span> <span class='ocrx_word' id='word_1_110' title='bbox 1065 1665 1109 1696; x_wconf 79' lang='lat' dir='ltr'><strong>Is.</strong></span> <span class='ocrx_word' id='word_1_111' title='bbox 1134 1665 1216 1695; x_wconf 84' lang='lat' dir='ltr'><strong>Voss</strong></span> <span class='ocrx_word' id='word_1_112' title='bbox 1238 1663 1286 1695; x_wconf 84' lang='lat' dir='ltr'><strong>ad</strong></span> <span class='ocrx_word' id='word_1_113' title='bbox 1307 1663 1426 1694; x_wconf 69' lang='lat' dir='ltr'><strong>catull.</strong></span> <span class='ocrx_word' id='word_1_114' title='bbox 1448 1668 1482 1702; x_wconf 82' lang='lat' dir='ltr'><strong>p.</strong></span> <span class='ocrx_word' id='word_1_115' title='bbox 1504 1673 1541 1703; x_wconf 88' lang='lat'><strong>71</strong></span> 
     </span>
    </p>
   </div>
   <div class='ocr_carea' id='block_1_8' title="bbox 217 1705 1546 2436">
    <p class='ocr_par' dir='ltr' id='par_1_9' title="bbox 220 1705 1546 2054">
     <span class='ocr_line' id='line_1_22' title="bbox 222 1705 1546 1751; baseline -0.005 -9"><span class='ocrx_word' id='word_1_116' title='bbox 222 1713 329 1751; x_wconf 83' lang='lat' dir='ltr'><strong>capud</strong></span> <span class='ocrx_word' id='word_1_117' title='bbox 346 1712 378 1742; x_wconf 90' lang='grc' dir='ltr'><em>Β</em></span> <span class='ocrx_word' id='word_1_118' title='bbox 508 1721 528 1741; x_wconf 86' lang='lat'>2</span> <span class='ocrx_word' id='word_1_119' title='bbox 551 1711 601 1741; x_wconf 85' lang='lat' dir='ltr'><em>ln&#39;c</em></span> <span class='ocrx_word' id='word_1_120' title='bbox 615 1710 769 1742; x_wconf 78' lang='lat' dir='ltr'><strong>desinunt</strong></span> <span class='ocrx_word' id='word_1_121' title='bbox 784 1721 806 1741; x_wconf 83' lang='lat' dir='ltr'><strong>u</strong></span> <span class='ocrx_word' id='word_1_122' title='bbox 822 1713 851 1740; x_wconf 87' lang='lat' dir='ltr'><strong>et</strong></span> <span class='ocrx_word' id='word_1_123' title='bbox 867 1709 970 1741; x_wconf 69' lang='lat' dir='ltr'><strong>Relad.</strong></span> <span class='ocrx_word' id='word_1_124' title='bbox 989 1710 1034 1740; x_wconf 85' lang='lat'><strong>60</strong></span> <span class='ocrx_word' id='word_1_125' title='bbox 1169 1718 1188 1747; x_wconf 84' lang='lat'><strong>3</strong></span> <span class='ocrx_word' id='word_1_126' title='bbox 1213 1707 1326 1738; x_wconf 87' lang='lat' dir='ltr'><strong>noctui</strong></span> <span class='ocrx_word' id='word_1_127' title='bbox 1348 1716 1424 1737; x_wconf 85' lang='lat' dir='ltr'><strong>nam</strong></span> <span class='ocrx_word' id='word_1_128' title='bbox 1443 1705 1546 1736; x_wconf 73' lang='lat' dir='ltr'><strong>MAr</strong></span> 
     </span>
     <span class='ocr_line' id='line_1_23' title="bbox 223 1750 1545 1793; baseline -0.005 -7"><span class='ocrx_word' id='word_1_129' title='bbox 223 1754 309 1786; x_wconf 79' lang='lat' dir='ltr'><strong>Med.</strong></span> <span class='ocrx_word' id='word_1_130' title='bbox 422 1765 441 1793; x_wconf 85' lang='lat'><strong>4</strong></span> <span class='ocrx_word' id='word_1_131' title='bbox 467 1765 487 1786; x_wconf 96' lang='lat'><em>0</em></span> <span class='ocrx_word' id='word_1_132' title='bbox 504 1765 570 1785; x_wconf 81' lang='lat' dir='ltr'><strong>om.</strong></span> <span class='ocrx_word' id='word_1_133' title='bbox 597 1753 714 1784; x_wconf 76' lang='lat' dir='ltr'><strong>MAr.</strong></span> <span class='ocrx_word' id='word_1_134' title='bbox 734 1752 819 1784; x_wconf 80' lang='lat' dir='ltr'><strong>Med.</strong></span> <span class='ocrx_word' id='word_1_135' title='bbox 904 1753 1017 1784; x_wconf 87' lang='lat' dir='ltr'><strong>noctui</strong></span> <span class='ocrx_word' id='word_1_136' title='bbox 1035 1762 1077 1782; x_wconf 90' lang='lat' dir='ltr'><strong>ne</strong></span> <span class='ocrx_word' id='word_1_137' title='bbox 1095 1761 1162 1782; x_wconf 90' lang='lat' dir='ltr'><strong>non</strong></span> <span class='ocrx_word' id='word_1_138' title='bbox 1181 1750 1274 1781; x_wconf 75' lang='lat' dir='ltr'><strong>EM:</strong></span> <span class='ocrx_word' id='word_1_139' title='bbox 1300 1751 1413 1781; x_wconf 90' lang='lat' dir='ltr'><strong>noctui</strong></span> <span class='ocrx_word' id='word_1_140' title='bbox 1431 1760 1545 1780; x_wconf 88' lang='lat' dir='ltr'><strong>nonne</strong></span> 
     </span>
     <span class='ocr_line' id='line_1_24' title="bbox 222 1793 1544 1836; baseline -0.005 -7"><span class='ocrx_word' id='word_1_141' title='bbox 222 1798 278 1828; x_wconf 74' lang='lat' dir='ltr'><strong>Ar</strong></span> <span class='ocrx_word' id='word_1_142' title='bbox 290 1797 376 1829; x_wconf 75' lang='lat' dir='ltr'><strong>Med.</strong></span> <span class='ocrx_word' id='word_1_143' title='bbox 489 1800 510 1828; x_wconf 89' lang='lat'>6</span> <span class='ocrx_word' id='word_1_144' title='bbox 533 1798 618 1829; x_wconf 89' lang='lat' dir='ltr'><strong>duas</strong></span> <span class='ocrx_word' id='word_1_145' title='bbox 643 1796 723 1828; x_wconf 84' lang='lat' dir='ltr'><em>Ald.</em></span> <span class='ocrx_word' id='word_1_146' title='bbox 746 1806 827 1836; x_wconf 86' lang='lat'>1517</span> <span class='ocrx_word' id='word_1_147' title='bbox 845 1807 851 1827; x_wconf 89' lang='lat'><strong>:</strong></span> <span class='ocrx_word' id='word_1_148' title='bbox 875 1807 940 1827; x_wconf 84' lang='lat' dir='ltr'><strong>om.</strong></span> <span class='ocrx_word' id='word_1_149' title='bbox 959 1795 1046 1827; x_wconf 86' lang='lat' dir='ltr'><em>codd.</em></span> <span class='ocrx_word' id='word_1_150' title='bbox 1166 1804 1183 1832; x_wconf 93' lang='lat'>7</span> <span class='ocrx_word' id='word_1_151' title='bbox 1209 1794 1289 1824; x_wconf 88' lang='lat' dir='ltr'><strong>dicit</strong></span> <span class='ocrx_word' id='word_1_152' title='bbox 1303 1799 1408 1833; x_wconf 75' lang='lat' dir='ltr'><strong>supra</strong></span> <span class='ocrx_word' id='word_1_153' title='bbox 1424 1793 1544 1823; x_wconf 73' lang='lat' dir='ltr'><strong>lineam</strong></span> 
     </span>
     <span class='ocr_line' id='line_1_25' title="bbox 220 1836 1543 1873; baseline -0.005 -1"><span class='ocrx_word' id='word_1_154' title='bbox 220 1841 254 1872; x_wconf 91' lang='grc' dir='ltr'><em>Β</em></span> <span class='ocrx_word' id='word_1_155' title='bbox 270 1853 276 1872; x_wconf 91' lang='lat'><strong>:</strong></span> <span class='ocrx_word' id='word_1_156' title='bbox 301 1842 392 1872; x_wconf 88' lang='lat' dir='ltr'><strong>ducit</strong></span> <span class='ocrx_word' id='word_1_157' title='bbox 407 1844 471 1873; x_wconf 77' lang='lat' dir='ltr'><strong>cell,</strong></span> <span class='ocrx_word' id='word_1_158' title='bbox 618 1842 638 1871; x_wconf 89' lang='lat'>8</span> <span class='ocrx_word' id='word_1_159' title='bbox 662 1844 848 1871; x_wconf 87' lang='lat' dir='ltr'><strong>nocturnus</strong></span> <span class='ocrx_word' id='word_1_160' title='bbox 864 1838 1061 1871; x_wconf 77' lang='lat' dir='ltr'><strong>MArMed.</strong></span> <span class='ocrx_word' id='word_1_161' title='bbox 1152 1837 1306 1868; x_wconf 87' lang='lat' dir='ltr'><strong>hirneam</strong></span> <span class='ocrx_word' id='word_1_162' title='bbox 1320 1837 1367 1868; x_wconf 75' lang='lat'><strong>5:</strong></span> <span class='ocrx_word' id='word_1_163' title='bbox 1392 1836 1543 1867; x_wconf 83' lang='lat' dir='ltr'><strong>hiernam</strong></span> 
     </span>
     <span class='ocr_line' id='line_1_26' title="bbox 222 1878 1546 1924; baseline -0.004 -9"><span class='ocrx_word' id='word_1_164' title='bbox 222 1885 281 1915; x_wconf 82' lang='lat' dir='ltr'><strong>M:</strong></span> <span class='ocrx_word' id='word_1_165' title='bbox 320 1894 453 1924; x_wconf 86' lang='lat' dir='ltr'><strong>ymeam</strong></span> <span class='ocrx_word' id='word_1_166' title='bbox 476 1883 550 1914; x_wconf 82' lang='lat' dir='ltr'><strong>Ar:</strong></span> <span class='ocrx_word' id='word_1_167' title='bbox 584 1884 734 1915; x_wconf 89' lang='lat' dir='ltr'><strong>herniam</strong></span> <span class='ocrx_word' id='word_1_168' title='bbox 761 1882 910 1923; x_wconf 47' lang='lat' dir='ltr'><strong>Scaliger</strong></span> <span class='ocrx_word' id='word_1_169' title='bbox 1061 1892 1082 1921; x_wconf 93' lang='lat'>9</span> <span class='ocrx_word' id='word_1_170' title='bbox 1106 1878 1224 1912; x_wconf 86' lang='lat' dir='ltr'><strong>talasio</strong></span> <span class='ocrx_word' id='word_1_171' title='bbox 1231 1878 1418 1922; x_wconf 61' lang='lat' dir='ltr'><strong>(thalassio</strong></span> <span class='ocrx_word' id='word_1_172' title='bbox 1434 1880 1481 1918; x_wconf 88' lang='grc' dir='ltr'><strong>Β)</strong></span> <span class='ocrx_word' id='word_1_173' title='bbox 1499 1880 1546 1910; x_wconf 78' lang='lat' dir='ltr'><strong>bis</strong></span> 
     </span>
     <span class='ocr_line' id='line_1_27' title="bbox 221 1923 1541 1967; baseline -0.004 -10"><span class='ocrx_word' id='word_1_174' title='bbox 221 1927 311 1959; x_wconf 81' lang='lat' dir='ltr'><strong>codd.</strong></span> <span class='ocrx_word' id='word_1_175' title='bbox 426 1928 489 1959; x_wconf 87' lang='lat' dir='ltr'><strong>Ter</strong></span> <span class='ocrx_word' id='word_1_176' title='bbox 500 1927 709 1958; x_wconf 79' lang='lat' dir='ltr'><strong>scribendum</strong></span> <span class='ocrx_word' id='word_1_177' title='bbox 724 1927 834 1967; x_wconf 83' lang='lat' dir='ltr'><strong>fuisse</strong></span> <span class='ocrx_word' id='word_1_178' title='bbox 849 1926 936 1958; x_wconf 84' lang='lat' dir='ltr'><strong>docel</strong></span> <span class='ocrx_word' id='word_1_179' title='bbox 951 1925 1088 1956; x_wconf 75' lang='lat' dir='ltr'><strong>Marius</strong></span> <span class='ocrx_word' id='word_1_180' title='bbox 1105 1924 1288 1955; x_wconf 79' lang='lat' dir='ltr'><strong>Victorinus</strong></span> <span class='ocrx_word' id='word_1_181' title='bbox 1306 1929 1340 1963; x_wconf 77' lang='lat' dir='ltr'><strong>p.</strong></span> <span class='ocrx_word' id='word_1_182' title='bbox 1363 1933 1435 1962; x_wconf 84' lang='lat'><strong>137.</strong></span> <span class='ocrx_word' id='word_1_183' title='bbox 1453 1923 1541 1961; x_wconf 84' lang='lat' dir='ltr'><strong>24K.</strong></span> 
     </span>
     <span class='ocr_line' id='line_1_28' title="bbox 223 1966 1544 2011; baseline -0.005 -9"><span class='ocrx_word' id='word_1_184' title='bbox 223 1971 420 2011; x_wconf 85' lang='lat' dir='ltr'><strong>Repetitum</strong></span> <span class='ocrx_word' id='word_1_185' title='bbox 445 1976 497 2002; x_wconf 87' lang='lat' dir='ltr'><strong>ter</strong></span> <span class='ocrx_word' id='word_1_186' title='bbox 519 1971 607 2002; x_wconf 91' lang='lat' dir='ltr'><strong>haud</strong></span> <span class='ocrx_word' id='word_1_187' title='bbox 630 1970 728 2002; x_wconf 87' lang='lat' dir='ltr'><strong>aliter</strong></span> <span class='ocrx_word' id='word_1_188' title='bbox 749 1981 847 2010; x_wconf 90' lang='lat' dir='ltr'><strong>quam</strong></span> <span class='ocrx_word' id='word_1_189' title='bbox 866 1975 902 2001; x_wconf 91' lang='lat' dir='ltr'><strong>ut</strong></span> <span class='ocrx_word' id='word_1_190' title='bbox 922 1970 1016 2000; x_wconf 87' lang='lat' dir='ltr'><strong>aiunt</strong></span> <span class='ocrx_word' id='word_1_191' title='bbox 1040 1968 1162 1999; x_wconf 86' lang='lat' dir='ltr'><strong>fecisse</strong></span> <span class='ocrx_word' id='word_1_192' title='bbox 1178 1966 1366 2007; x_wconf 86' lang='lat' dir='ltr'><strong>Vergilium</strong></span> <span class='ocrx_word' id='word_1_193' title='bbox 1391 1971 1544 1997; x_wconf 82' lang='lat' dir='ltr'><strong>nostrum</strong></span> 
     </span>
     <span class='ocr_line' id='line_1_29' title="bbox 222 2011 1195 2054; baseline -0.002 -10"><span class='ocrx_word' id='word_1_194' title='bbox 222 2014 364 2046; x_wconf 88' lang='lat' dir='ltr'><strong>iambico</strong></span> <span class='ocrx_word' id='word_1_195' title='bbox 380 2014 622 2054; x_wconf 84' lang='lat' dir='ltr'><strong>epigrammate</strong></span> <span class='ocrx_word' id='word_1_196' title='bbox 638 2025 645 2045; x_wconf 92' lang='lat'><strong>:</strong></span> <span class='ocrx_word' id='word_1_197' title='bbox 669 2013 831 2045; x_wconf 85' lang='lat' dir='ltr'><strong>thalassio</strong></span> <span class='ocrx_word' id='word_1_198' title='bbox 846 2013 1006 2044; x_wconf 81' lang='lat' dir='ltr'><strong>thalassio</strong></span> <span class='ocrx_word' id='word_1_199' title='bbox 1024 2011 1195 2043; x_wconf 89' lang='lat' dir='ltr'><strong>thalassio.</strong></span> 
     </span>
    </p>

    <p class='ocr_par' dir='ltr' id='par_1_10' title="bbox 217 2053 1545 2401">
     <span class='ocr_line' id='line_1_30' title="bbox 266 2053 1544 2093; baseline -0.005 -4"><span class='ocrx_word' id='word_1_200' title='bbox 266 2057 364 2089; x_wconf 90' lang='lat' dir='ltr'>XIII.</span> <span class='ocrx_word' id='word_1_201' title='bbox 378 2068 391 2088; x_wconf 90' lang='lat'>1</span> <span class='ocrx_word' id='word_1_202' title='bbox 402 2058 511 2089; x_wconf 84' lang='lat' dir='ltr'><strong>meB:</strong></span> <span class='ocrx_word' id='word_1_203' title='bbox 524 2069 590 2089; x_wconf 83' lang='lat' dir='ltr'><strong>om.</strong></span> <span class='ocrx_word' id='word_1_204' title='bbox 604 2056 805 2088; x_wconf 78' lang='lat' dir='ltr'><strong>MArMed.</strong></span> <span class='ocrx_word' id='word_1_205' title='bbox 853 2057 919 2088; x_wconf 89' lang='lat' dir='ltr'><strong>alta</strong></span> <span class='ocrx_word' id='word_1_206' title='bbox 930 2056 980 2087; x_wconf 83' lang='lat' dir='ltr'><strong>B:</strong></span> <span class='ocrx_word' id='word_1_207' title='bbox 997 2057 1067 2087; x_wconf 89' lang='lat' dir='ltr'><strong>alto</strong></span> <span class='ocrx_word' id='word_1_208' title='bbox 1079 2053 1275 2086; x_wconf 79' lang='lat' dir='ltr'><strong>MArMccl.</strong></span> <span class='ocrx_word' id='word_1_209' title='bbox 1344 2064 1363 2092; x_wconf 87' lang='lat'><strong>4</strong></span> <span class='ocrx_word' id='word_1_210' title='bbox 1381 2063 1443 2084; x_wconf 83' lang='lat' dir='ltr'><strong>nec</strong></span> <span class='ocrx_word' id='word_1_211' title='bbox 1454 2053 1544 2093; x_wconf 89' lang='lat' dir='ltr'><strong>quod</strong></span> 
     </span>
     <span class='ocr_line' id='line_1_31' title="bbox 217 2095 1544 2142; baseline -0.004 -10"><span class='ocrx_word' id='word_1_212' title='bbox 217 2106 278 2142; x_wconf 83' lang='lat' dir='ltr'><strong>pro</strong></span> <span class='ocrx_word' id='word_1_213' title='bbox 290 2111 400 2141; x_wconf 85' lang='lat' dir='ltr'><strong>neque</strong></span> <span class='ocrx_word' id='word_1_214' title='bbox 414 2101 456 2132; x_wconf 91' lang='lat' dir='ltr'><em>M</em></span> <span class='ocrx_word' id='word_1_215' title='bbox 518 2111 537 2140; x_wconf 88' lang='lat'>5</span> <span class='ocrx_word' id='word_1_216' title='bbox 554 2102 603 2132; x_wconf 90' lang='lat' dir='ltr'><strong>ira</strong></span> <span class='ocrx_word' id='word_1_217' title='bbox 619 2105 652 2131; x_wconf 88' lang='lat' dir='ltr'><strong>et</strong></span> <span class='ocrx_word' id='word_1_218' title='bbox 668 2100 748 2132; x_wconf 74' lang='grc' dir='ltr'><strong>ΑΜ.</strong></span> <span class='ocrx_word' id='word_1_219' title='bbox 770 2110 850 2140; x_wconf 86' lang='lat'>1517</span> <span class='ocrx_word' id='word_1_220' title='bbox 867 2112 874 2130; x_wconf 89' lang='lat'><strong>:</strong></span> <span class='ocrx_word' id='word_1_221' title='bbox 891 2101 975 2131; x_wconf 84' lang='lat' dir='ltr'><strong>irate</strong></span> <span class='ocrx_word' id='word_1_222' title='bbox 991 2099 1023 2130; x_wconf 88' lang='grc' dir='ltr'><em>Β</em></span> <span class='ocrx_word' id='word_1_223' title='bbox 1039 2110 1045 2129; x_wconf 85' lang='lat'><strong>:</strong></span> <span class='ocrx_word' id='word_1_224' title='bbox 1067 2109 1104 2129; x_wconf 87' lang='lat' dir='ltr'><strong>re</strong></span> <span class='ocrx_word' id='word_1_225' title='bbox 1121 2103 1155 2129; x_wconf 89' lang='lat' dir='ltr'><strong>et</strong></span> <span class='ocrx_word' id='word_1_226' title='bbox 1172 2098 1213 2128; x_wconf 92' lang='lat' dir='ltr'><em>M</em></span> <span class='ocrx_word' id='word_1_227' title='bbox 1226 2095 1376 2128; x_wconf 79' lang='lat' dir='ltr'><strong>ArMed.</strong></span> <span class='ocrx_word' id='word_1_228' title='bbox 1394 2108 1400 2126; x_wconf 91' lang='lat'><strong>:</strong></span> <span class='ocrx_word' id='word_1_229' title='bbox 1423 2097 1492 2127; x_wconf 84' lang='lat' dir='ltr'><strong>irae</strong></span> <span class='ocrx_word' id='word_1_230' title='bbox 1511 2102 1544 2127; x_wconf 81' lang='lat' dir='ltr'><strong>et</strong></span> 
     </span>
     <span class='ocr_line' id='line_1_32' title="bbox 221 2139 1545 2185; baseline -0.004 -11"><span class='ocrx_word' id='word_1_231' title='bbox 221 2144 446 2176; x_wconf 80' lang='lat' dir='ltr'><strong>Burmannus</strong></span> <span class='ocrx_word' id='word_1_232' title='bbox 447 2145 592 2185; x_wconf 79' lang='lat' dir='ltr'><strong>fortasse</strong></span> <span class='ocrx_word' id='word_1_233' title='bbox 605 2144 715 2175; x_wconf 81' lang='lat' dir='ltr'><strong>uerius</strong></span> <span class='ocrx_word' id='word_1_234' title='bbox 854 2145 875 2173; x_wconf 88' lang='lat'>6</span> <span class='ocrx_word' id='word_1_235' title='bbox 898 2154 963 2183; x_wconf 85' lang='lat' dir='ltr'><strong>qua</strong></span> <span class='ocrx_word' id='word_1_236' title='bbox 979 2143 1087 2174; x_wconf 88' lang='lat' dir='ltr'><strong>adsim</strong></span> <span class='ocrx_word' id='word_1_237' title='bbox 1106 2141 1222 2183; x_wconf 81' lang='lat' dir='ltr'><strong>(assim</strong></span> <span class='ocrx_word' id='word_1_238' title='bbox 1236 2140 1281 2181; x_wconf 86' lang='grc' dir='ltr'><strong>Β)</strong></span> <span class='ocrx_word' id='word_1_239' title='bbox 1294 2139 1369 2170; x_wconf 86' lang='grc' dir='ltr'><strong>ΒΜ</strong></span> <span class='ocrx_word' id='word_1_240' title='bbox 1376 2139 1450 2170; x_wconf 84' lang='grc' dir='ltr'><strong>Αν;</strong></span> <span class='ocrx_word' id='word_1_241' title='bbox 1478 2150 1545 2179; x_wconf 82' lang='lat' dir='ltr'><strong>qua</strong></span> 
     </span>
     <span class='ocr_line' id='line_1_33' title="bbox 221 2183 1542 2229; baseline -0.004 -11"><span class='ocrx_word' id='word_1_242' title='bbox 221 2188 348 2219; x_wconf 88' lang='lat' dir='ltr'><strong>adsiem</strong></span> <span class='ocrx_word' id='word_1_243' title='bbox 375 2188 437 2219; x_wconf 85' lang='lat' dir='ltr'><em>Plz.</em></span> <span class='ocrx_word' id='word_1_244' title='bbox 474 2187 637 2229; x_wconf 79' lang='lat' dir='ltr'><strong>Wagner:</strong></span> <span class='ocrx_word' id='word_1_245' title='bbox 677 2198 742 2226; x_wconf 93' lang='lat' dir='ltr'><strong>qua</strong></span> <span class='ocrx_word' id='word_1_246' title='bbox 773 2191 825 2218; x_wconf 86' lang='lat' dir='ltr'><strong>sat</strong></span> <span class='ocrx_word' id='word_1_247' title='bbox 849 2187 911 2218; x_wconf 84' lang='lat' dir='ltr'><strong>sim</strong></span> <span class='ocrx_word' id='word_1_248' title='bbox 929 2186 1193 2226; x_wconf 68' lang='lat' dir='ltr'><strong>Scalzgerz-qua</strong></span> <span class='ocrx_word' id='word_1_249' title='bbox 1216 2184 1305 2214; x_wconf 86' lang='lat' dir='ltr'><strong>haud</strong></span> <span class='ocrx_word' id='word_1_250' title='bbox 1331 2183 1438 2215; x_wconf 86' lang='lat' dir='ltr'><strong>desim</strong></span> <span class='ocrx_word' id='word_1_251' title='bbox 1465 2183 1542 2215; x_wconf 80' lang='lat' dir='ltr'><strong>Sal-</strong></span> 
     </span>
     <span class='ocr_line' id='line_1_34' title="bbox 222 2226 1542 2271; baseline -0.003 -10"><span class='ocrx_word' id='word_1_252' title='bbox 222 2231 369 2262; x_wconf 80' lang='lat' dir='ltr'><strong>masius:</strong></span> <span class='ocrx_word' id='word_1_253' title='bbox 394 2242 459 2271; x_wconf 88' lang='lat' dir='ltr'><strong>qua</strong></span> <span class='ocrx_word' id='word_1_254' title='bbox 474 2231 540 2262; x_wconf 88' lang='lat' dir='ltr'><strong>iam</strong></span> <span class='ocrx_word' id='word_1_255' title='bbox 556 2231 662 2262; x_wconf 88' lang='lat' dir='ltr'><strong>adsim</strong></span> <span class='ocrx_word' id='word_1_256' title='bbox 683 2229 881 2270; x_wconf 79' lang='lat' dir='ltr'><strong>Oudendorp</strong></span> <span class='ocrx_word' id='word_1_257' title='bbox 897 2241 904 2260; x_wconf 77' lang='grc' dir='ltr'>ε</span> <span class='ocrx_word' id='word_1_258' title='bbox 934 2230 1010 2269; x_wconf 88' lang='lat' dir='ltr'><strong>quis</strong></span> <span class='ocrx_word' id='word_1_259' title='bbox 1026 2229 1132 2260; x_wconf 85' lang='lat' dir='ltr'><strong>adsim</strong></span> <span class='ocrx_word' id='word_1_260' title='bbox 1150 2227 1237 2258; x_wconf 81' lang='lat' dir='ltr'><strong>Jahn</strong></span> <span class='ocrx_word' id='word_1_261' title='bbox 1255 2238 1261 2257; x_wconf 91' lang='lat'><strong>:</strong></span> <span class='ocrx_word' id='word_1_262' title='bbox 1286 2237 1352 2267; x_wconf 88' lang='lat' dir='ltr'><strong>qua</strong></span> <span class='ocrx_word' id='word_1_263' title='bbox 1367 2226 1542 2266; x_wconf 83' lang='lat' dir='ltr'><strong>adsignem</strong></span> 
     </span>
     <span class='ocr_line' id='line_1_35' title="bbox 221 2270 1544 2314; baseline -0.003 -10"><span class='ocrx_word' id='word_1_264' title='bbox 221 2273 415 2306; x_wconf 82' lang='lat' dir='ltr'><strong>Buecheler:</strong></span> <span class='ocrx_word' id='word_1_265' title='bbox 447 2286 512 2314; x_wconf 86' lang='lat' dir='ltr'><strong>qua</strong></span> <span class='ocrx_word' id='word_1_266' title='bbox 537 2275 703 2306; x_wconf 87' lang='lat' dir='ltr'><strong>adsultem</strong></span> <span class='ocrx_word' id='word_1_267' title='bbox 729 2274 884 2304; x_wconf 83' lang='lat' dir='ltr'><strong>Ribbeck:</strong></span> <span class='ocrx_word' id='word_1_268' title='bbox 910 2284 1009 2313; x_wconf 90' lang='lat' dir='ltr'><strong>quam</strong></span> <span class='ocrx_word' id='word_1_269' title='bbox 1027 2273 1134 2304; x_wconf 88' lang='lat' dir='ltr'><strong>adsim</strong></span> <span class='ocrx_word' id='word_1_270' title='bbox 1151 2271 1198 2302; x_wconf 79' lang='lat' dir='ltr'><strong>ed.</strong></span> <span class='ocrx_word' id='word_1_271' title='bbox 1222 2271 1326 2309; x_wconf 86' lang='lat'><strong>1482:</strong></span> <span class='ocrx_word' id='word_1_272' title='bbox 1350 2270 1465 2310; x_wconf 79' lang='lat' dir='ltr'><strong>scripsi</strong></span> <span class='ocrx_word' id='word_1_273' title='bbox 1478 2281 1544 2310; x_wconf 90' lang='lat' dir='ltr'><strong>qua</strong></span> 
     </span>
     <span class='ocr_line' id='line_1_36' title="bbox 221 2313 1542 2359; baseline -0.005 -10"><span class='ocrx_word' id='word_1_274' title='bbox 221 2327 292 2348; x_wconf 87' lang='lat' dir='ltr'><strong>mas</strong></span> <span class='ocrx_word' id='word_1_275' title='bbox 307 2318 371 2349; x_wconf 91' lang='lat' dir='ltr'><strong>sim</strong></span> <span class='ocrx_word' id='word_1_276' title='bbox 476 2329 493 2357; x_wconf 92' lang='lat'><strong>7</strong></span> <span class='ocrx_word' id='word_1_277' title='bbox 518 2318 567 2359; x_wconf 89' lang='lat' dir='ltr'><strong>et]</strong></span> <span class='ocrx_word' id='word_1_278' title='bbox 592 2318 624 2348; x_wconf 87' lang='lat' dir='ltr'><strong>ei</strong></span> <span class='ocrx_word' id='word_1_279' title='bbox 647 2317 852 2349; x_wconf 73' lang='lat' dir='ltr'><strong>Scm&#39;uerz&#39;us:</strong></span> <span class='ocrx_word' id='word_1_280' title='bbox 877 2327 919 2347; x_wconf 90' lang='lat' dir='ltr'><strong>en</strong></span> <span class='ocrx_word' id='word_1_281' title='bbox 936 2315 1115 2346; x_wconf 79' lang='lat' dir='ltr'><strong>Heinsius:</strong></span> <span class='ocrx_word' id='word_1_282' title='bbox 1139 2325 1201 2355; x_wconf 83' lang='lat' dir='ltr'><strong>per</strong></span> <span class='ocrx_word' id='word_1_283' title='bbox 1217 2313 1353 2345; x_wconf 80' lang='lat' dir='ltr'><strong>Ribbeck</strong></span> <span class='ocrx_word' id='word_1_284' title='bbox 1369 2325 1376 2344; x_wconf 92' lang='grc'>;</span> <span class='ocrx_word' id='word_1_285' title='bbox 1399 2314 1441 2344; x_wconf 93' lang='lat' dir='ltr'><strong>ad</strong></span> <span class='ocrx_word' id='word_1_286' title='bbox 1458 2313 1542 2344; x_wconf 80' lang='lat' dir='ltr'><strong>Sab-</strong></span> 
     </span>
     <span class='ocr_line' id='line_1_37' title="bbox 222 2359 1048 2401; baseline -0.001 -10"><span class='ocrx_word' id='word_1_287' title='bbox 222 2360 336 2392; x_wconf 83' lang='lat' dir='ltr'><strong>badim·</strong></span> <span class='ocrx_word' id='word_1_288' title='bbox 421 2362 602 2401; x_wconf 88' lang='lat' dir='ltr'><strong>prostitute</strong></span> <span class='ocrx_word' id='word_1_289' title='bbox 617 2361 649 2392; x_wconf 88' lang='grc' dir='ltr'><em>Β</em></span> <span class='ocrx_word' id='word_1_290' title='bbox 662 2372 669 2392; x_wconf 84' lang='grc'>;</span> <span class='ocrx_word' id='word_1_291' title='bbox 694 2360 835 2400; x_wconf 85' lang='lat' dir='ltr'><strong>prestite</strong></span> <span class='ocrx_word' id='word_1_292' title='bbox 850 2359 891 2390; x_wconf 93' lang='lat' dir='ltr'><em>M</em></span> <span class='ocrx_word' id='word_1_293' title='bbox 898 2359 954 2390; x_wconf 86' lang='lat' dir='ltr'><strong>Ar</strong></span> <span class='ocrx_word' id='word_1_294' title='bbox 964 2359 1048 2390; x_wconf 81' lang='lat' dir='ltr'><strong>Med.</strong></span> 
     </span>
    </p>

    <p class='ocr_par' dir='ltr' id='par_1_11' title="bbox 264 2401 1454 2436">
     <span class='ocr_line' id='line_1_38' title="bbox 264 2401 1454 2436; baseline -0.001 -1"><span class='ocrx_word' id='word_1_295' title='bbox 264 2413 343 2435; x_wconf 69' lang='lat' dir='ltr'>App,</span> <span class='ocrx_word' id='word_1_296' title='bbox 359 2413 392 2436; x_wconf 87' lang='grc' dir='ltr'><strong>ν.</strong></span> <span class='ocrx_word' id='word_1_297' title='bbox 1437 2401 1454 2434; x_wconf 88' lang='grc'><strong><em>7</em></strong></span> 
     </span>
    </p>
   </div>
  </div>
 </body>
</html>
