1820 2802
1368 163 1546 200 DIRAE

223 285 309 310 rura
338 271 481 321 quibus
511 270 613 310 diras
642 270 865 318 indiximus,
897 269 1017 320 impia
1047 277 1149 309 uota.

276 335 315 374 Si
345 336 474 374 minus
503 336 612 382 haec,
645 335 843 384 Neptune,
874 341 960 373 tuas
990 334 1234 373 infundimus
1263 335 1376 382 auris,

223 401 388 447 Battare‚
421 399 648 437 fluminibus
678 406 721 437 tu
750 406 903 438 nostros
933 400 1042 438 trade
1072 400 1251 437 dolores:

221 477 312 502 nam
342 464 413 502 tibi
442 470 533 502 sunt
562 465 702 511 fontes,
735 463 805 502 tibi
834 476 990 514 semper
1019 465 1181 502 flumina
1209 463 1345 502 amica.
1504 470 1546 512 65

221 528 275 566 nil
305 535 363 567 est
391 529 500 578 quod
530 529 691 578 perdam
722 528 906 566 ulterius:
947 535 1068 567 meret
1098 528 1232 566 omnia
1262 527 1376 566 Ditis.

220 592 363 631 flectite
392 592 581 631 currentis
610 593 803 642 nymphas
833 605 932 642 uaga
960 592 1124 630 flumina
1152 600 1264 639 retro,

221 656 364 695 flectite
393 664 431 695 et
459 656 634 695 aduersis
664 669 815 694 rursum
845 655 1054 694 diffundite
1083 656 1243 705 campis.

219 721 415 759 incurrant
445 733 580 759 amnes
610 719 755 770 passim
785 720 1016 758 rimantibus
1047 720 1163 759 undis

219 798 292 824 nec
322 792 475 823 nostros
505 784 649 824 seruire
679 784 808 823 sinant
837 786 1040 823 erronibus
1069 797 1191 834 agros.
1506 799 1547 835 70

274 851 441 889 Dulcius
470 851 557 897 hoc,
590 849 766 898 memini,
795 851 999 896 reuocasti,
1032 852 1199 897 Battare,
1232 862 1402 888 carmen.

217 921 403 953 emanent
432 914 563 953 subito
592 915 695 953 sicca
723 915 859 953 tellure
887 915 1051 964 paludes

218 986 257 1019 et
286 986 406 1018 metat
435 980 499 1017 hic
529 980 677 1027 iuncos,
709 978 836 1030 spicas
866 979 933 1017 ubi
963 978 1127 1028 legimus
1156 979 1262 1018 olim.

217 1045 373 1094 cogulet
401 1043 526 1094 arguti
554 1043 653 1093 grilli
682 1056 779 1082 caua
807 1044 958 1093 garrula
987 1056 1091 1082 rana.

271 1108 437 1147 Tristius
467 1109 543 1147 hoc
572 1121 724 1147 rursum
754 1108 849 1147 dicit
878 1121 965 1147 mea
994 1109 1122 1146 fistula
1150 1121 1318 1147 carmen.
1505 1120 1546 1156 75

217 1173 474 1225 praecipitent
502 1173 589 1212 altis
618 1174 813 1212 fumantes
843 1174 1044 1212 montibus
1074 1173 1229 1220 imbres,

216 1246 255 1277 et
285 1239 361 1277 late
390 1245 549 1277 teneant
578 1237 721 1277 diffuso
750 1237 899 1288 gurgite
928 1250 1090 1288 campos

217 1303 285 1354 qui
315 1302 486 1342 dominis
515 1302 656 1341 infesta
684 1302 879 1341 minantes
909 1310 1044 1352 stagna
1073 1301 1295 1352 relinquant

256 1406 299 1436 62
323 1405 420 1435 duras
437 1405 630 1435 induximus
647 1403 676 1435 S
786 1405 828 1443 63
852 1404 876 1435 S
893 1404 1016 1435 initiali
1029 1414 1155 1444 magna
1171 1404 1204 1435 Β
1279 1409 1354 1435 tuas
1363 1404 1525 1436 Heinsius
1539 1417 1546 1436 z

217 1449 284 1479 tuis
300 1447 387 1478 codd.
407 1447 499 1488 quod
511 1448 641 1479 retinuit
655 1446 823 1479 Rotlzstein
839 1447 957 1479 Herm.
977 1447 1110 1479 XXIII.
1129 1457 1192 1487 514
1281 1448 1348 1479 aris
1365 1459 1382 1478 υ
1470 1453 1545 1480 tuas

219 1491 366 1522 infundis
383 1491 417 1521 in
435 1491 525 1521 auris
542 1490 694 1522 Eskuche'
843 1491 884 1529 65
910 1491 1046 1521 flumina
1066 1501 1202 1531 semper
1217 1490 1284 1522 Sub
1438 1492 1481 1522 66
1503 1492 1549 1523 sic

217 1535 353 1575 scripsi:
380 1534 462 1564 nihil
484 1534 537 1565 B:
569 1533 670 1564 nilem
692 1534 781 1573 quod
803 1543 941 1573 pergam
959 1533 1076 1565 ulteris
1103 1533 1131 1564 S
1233 1544 1373 1575 pergam
1388 1533 1549 1566 Heinsius

216 1582 245 1608 et
267 1577 426 1609 Eichstad
553 1577 673 1608 merita
702 1577 846 1616 (meritis
877 1577 935 1617 Tu)
963 1578 1075 1607 omnia
1105 1579 1185 1619 (om.
1206 1578 1238 1614 b)
1264 1578 1343 1608 ditis
1379 1578 1481 1617 (dicis
1513 1578 1543 1618 v)

217 1620 330 1652 codd.:
370 1620 489 1651 merita
520 1620 634 1651 omnia
657 1620 746 1651 diras
773 1619 951 1651 Heinsius:
992 1622 1113 1651 merito
1145 1621 1256 1651 omnia
1287 1621 1371 1652 dicis
1402 1620 1543 1654 Putsclz:

218 1664 340 1694 merito
365 1664 478 1694 omnia
496 1663 584 1694 Ditis
612 1663 867 1702 Ribbeck2sort.
888 1664 933 1694 nil
958 1674 988 1694 e.
1015 1673 1081 1702 quo
1100 1674 1239 1703 pergam
1264 1664 1406 1695 ulterius
1427 1665 1547 1702 (maris

217 1706 345 1745 omnia)
366 1707 447 1737 diris
600 1708 641 1745 67
668 1706 693 1737 F
709 1706 828 1737 initiali
849 1717 974 1747 magna
991 1706 1023 1736 Β
1133 1707 1349 1747 nyfflmphas
1365 1707 1454 1738 codd.
1484 1709 1550 1738 mei

216 1760 332 1780 omnes
354 1750 451 1781 etiam
468 1749 528 1780 vhb
628 1750 764 1780 flumina
788 1754 879 1780 retro
903 1760 969 1780 om.
996 1749 1025 1780 S
1121 1750 1228 1790 retro]
1247 1751 1354 1781 amica
1370 1750 1403 1781 P
1417 1751 1471 1791 (ex
1486 1753 1544 1790 65)

216 1795 258 1823 68
282 1793 404 1824 cursim
420 1805 437 1823 υ
455 1805 461 1824 :
485 1802 619 1823 cursum
637 1793 655 1822 b
787 1794 830 1832 69
853 1794 1023 1823 incursant
1040 1793 1076 1822 vb
1135 1804 1252 1824 omnes
1268 1794 1300 1824 E
1402 1799 1542 1825 remant.

220 1840 231 1875 (
236 1837 245 1866 i
273 1836 454 1876 suprascr.)
483 1847 501 1866 υ
634 1846 674 1875 70
697 1847 763 1868 om.
781 1836 810 1866 S
827 1836 930 1866 relicto
953 1837 1058 1876 spalz'o
1082 1837 1184 1867 unius
1209 1847 1324 1867 uersus
1416 1838 1544 1868 seruire

216 1879 249 1910 Β
267 1890 312 1910 m.
325 1885 376 1919 pr.
390 1883 502 1919 postea
519 1890 597 1911 corr.
622 1880 655 1910 in
673 1880 768 1910 exire
783 1891 789 1911 :
822 1879 916 1910 exire
938 1879 971 1909 F
971 1883 998 1909 Π
1006 1879 1092 1909 Tvblz
1109 1879 1199 1919 quod
1211 1885 1389 1911 semmrnnt
1410 1880 1543 1920 Tollius,

220 1922 337 1962 Canal,
358 1922 527 1953 Rothstein
617 1923 794 1953 erronibus
817 1921 985 1953 Bembus:
1009 1924 1179 1954 erroribus
1203 1922 1292 1954 codd.
1318 1933 1441 1960 omnes,
1461 1924 1551 1963 quod

215 1970 394 1996 seruarunt
415 1965 546 2005 Tollius,
568 1965 682 2005 Canal,
707 1966 878 1996 Rotlzstein
1065 1976 1102 2005 71
1131 1966 1160 1996 D
1176 1966 1437 2007 im'tz'alimagna
1454 1966 1550 1997 BFP

217 2019 257 2048 72
282 2014 315 2040 et
339 2013 473 2039 manent
489 2009 539 2039 Pb
556 2020 563 2039 :
590 2019 627 2040 ec
654 2014 808 2040 maneant
827 2022 844 2039 υ
861 2010 926 2040 nisi
948 2020 999 2040 me
1011 2009 1105 2049 fallit
1120 2010 1347 2050 compendium
1370 2010 1548 2050 scripturae

216 2053 308 2083 sicco
324 2051 377 2082 S:
400 2053 489 2083 sicco
509 2052 569 2092 sss
594 2051 624 2082 T
747 2061 787 2091 73
813 2052 891 2083 hinc
908 2053 949 2083 lzb
1074 2054 1195 2091 iungos
1211 2053 1325 2092 spicos
1341 2053 1370 2084 S
1503 2063 1542 2091 74

215 2095 334 2126 cocule
361 2100 445 2135 targ.
475 2094 559 2126 BH:
593 2095 724 2127 coculet
756 2095 807 2126 T:
843 2096 979 2134 cogulet
1005 2096 1112 2128 Paris.
1140 2097 1250 2136 8069:
1281 2096 1418 2138 concule
1443 2101 1476 2126 et
1501 2096 1545 2126 lt:

215 2139 358 2170 occultet
375 2138 404 2169 S
418 2150 425 2169 ε
449 2143 593 2178 occupet
608 2138 645 2169 vb
662 2150 669 2169 :
694 2139 831 2170 occubet
847 2138 975 2170 Naeke:
999 2139 1130 2178 cogulet
1146 2140 1266 2179 scripsi,
1285 2140 1315 2169 h.
1334 2150 1356 2170 e.
1377 2139 1543 2178 coagulet,

215 2182 257 2222 qf.
277 2181 473 2222 Cambridge
484 2181 519 2220 J.
543 2181 661 2213 Philol.
682 2181 777 2213 VIII.
797 2192 859 2220 73:
894 2182 1001 2213 calcet
1019 2187 1053 2213 et
1078 2182 1112 2214 C.
1132 2182 1168 2212 F.
1189 2182 1380 2220 Hermann,
1397 2182 1549 2213 Eskuclzi

216 2225 313 2264 grilla
332 2235 414 2256 cana
442 2225 574 2264 garrola
599 2236 638 2256 v:
660 2225 741 2264 sort.
770 2225 880 2264 grillei
1051 2234 1091 2265 75
1114 2226 1143 2256 T
1159 2225 1280 2256 initiali
1301 2236 1428 2267 magna
1451 2225 1547 2257 BFP

218 2269 308 2298 dicat
324 2268 391 2299 duo
411 2268 670 2299 Vi'alislam'enses
685 2267 809 2306 Naekiz',
831 2268 938 2299 Canal
1054 2269 1094 2307 76
1141 2269 1256 2299 umbre
1274 2281 1290 2298 υ
1400 2270 1440 2308 78
1464 2269 1544 2308 quid

219 2312 290 2350 (qui
308 2314 340 2350 υ)
358 2312 503 2342 dominis
521 2312 694 2349 (dominus
706 2311 746 2352 S)
767 2312 784 2342 i.
806 2322 849 2342 m.
867 2322 892 2342 s.
914 2312 1136 2354 relinqu(u)nt
1153 2312 1241 2344 codd.
1353 2312 1543 2352 relinquent

217 2354 235 2384 b
249 2366 255 2384 :
274 2355 467 2394 relinquant
482 2355 529 2386 ed.
544 2360 595 2395 pr.
