1820 2802
291 159 443 197 CIRIS

290 269 484 307 formosos
514 267 661 306 circum
691 266 801 317 uirgo
831 278 1024 304 morerere
1053 264 1224 316 capillos.

291 332 327 372 ei
357 332 465 380 mihi,
497 346 548 371 ne
577 333 681 370 furor
710 331 775 370 ille
804 338 893 369 tuos
923 328 1109 368 inuaserit
1137 336 1254 376 artus,

289 396 355 435 ille
384 397 540 435 Arabae
571 397 756 446 Myrrhae
785 395 988 445 quondam
1019 394 1086 445 qui
1116 393 1220 444 cepit
1249 394 1407 440 ocellos,

292 469 335 500 ut
365 463 510 501 scelere
540 461 705 500 infando
735 459 862 511 (quod
892 473 966 498 nec
996 458 1097 498 sinat
1126 457 1336 509 Adrastea)

290 528 446 566 laedere
475 533 686 576 utrumque
716 539 796 564 uno
826 526 984 563 studeas
1014 537 1141 563 errore
1171 525 1397 574 parentem!
1565 537 1629 569 240

293 592 402 642 quod
433 591 464 629 si
493 591 570 630 alio
600 590 742 640 quouis
772 589 893 628 animi
923 589 1076 628 iactaris
1106 602 1249 635 amore,

293 656 404 707 (nam
435 663 472 694 te
502 655 647 703 iactari,
680 668 761 693 non
791 662 850 693 est
880 653 1116 695 Amathusia
1145 653 1267 691 nostri

293 728 373 759 tam
404 721 511 760 rudis
541 728 584 758 ut
614 721 722 758 nullo
753 719 901 769 possim
932 708 1170 768 coguoscere
1200 717 1343 768 signo,)

294 785 325 823 si
355 797 568 824 concessus
598 797 709 822 amor
738 784 834 822 noto
864 791 903 822 te
933 790 1105 821 macerat
1134 782 1248 832 igne:

294 863 362 900 per
392 849 463 888 tibi
495 848 689 899 Dictynae
719 847 940 899 praesentia
970 847 1134 885 numina
1163 846 1259 893 iuro,
1566 863 1627 894 245

294 914 419 965 prima
448 915 568 953 deum
599 915 757 953 dulcem
788 913 884 951 mihi
915 920 952 952 te
982 926 1083 963 quae
1113 913 1236 951 donat
1265 913 1477 959 alumnam,

294 980 429 1019 omnia
459 994 522 1018 me
551 979 682 1030 potius
713 979 832 1029 digna
860 986 980 1028 atque
1010 977 1172 1027 indigna
1201 977 1381 1016 laborum

294 1045 401 1083 milia
430 1044 613 1091 uisuram,
646 1057 766 1094 quam
796 1051 834 1082 te
864 1051 943 1081 tam
974 1042 1148 1081 tristibus
1178 1042 1260 1080 istis

293 1109 476 1148 sordibus
506 1117 544 1147 et
574 1121 684 1162 scora
714 1107 841 1158 patior
869 1108 1070 1146 tabescere
1100 1107 1191 1145 tali.'
1309 1107 1335 1113 ”
1633 1133 1665 1147 J

350 1176 465 1213 Haec
494 1165 678 1224 loquitur,
710 1173 900 1223 mollique
929 1180 972 1211 ut
1001 1186 1042 1211 se
1072 1174 1218 1210 uelarat
1247 1171 1405 1219 amictu,
1567 1189 1632 1221 250

293 1239 516 1290 frigidulam
547 1238 690 1277 iniecta
719 1238 938 1276 circumdat
958 1244 1068 1276 ueste
1098 1238 1284 1287 puellam,

293 1318 395 1355 quae
425 1303 531 1354 prius
560 1303 600 1341 in
630 1302 740 1342 tenui
769 1304 893 1341 fuerat
922 1301 1122 1341 succincta
1151 1309 1321 1341 crocota.
1371 1299 1376 1304 “

339 1404 404 1442 236
428 1411 602 1433 morerere
616 1401 742 1432 ARU:
767 1410 900 1431 morere
916 1400 1134 1432 Corsz'nianus
1149 1411 1155 1431 :
1181 1409 1352 1430 remorere
1363 1398 1409 1431 ed.
1424 1398 1532 1431 Paris.
1550 1410 1629 1440 1501

295 1456 358 1486 237
385 1446 417 1476 ei
435 1445 596 1476 Ribbeck:
621 1445 675 1475 hei
692 1443 802 1475 ARU
982 1445 1046 1483 238
1070 1444 1193 1474 arabea
1219 1445 1397 1483 (suprascr.
1422 1443 1547 1484 arabis)
1573 1444 1633 1475 A:

295 1489 518 1531 arab(a)eR:
545 1489 656 1519 arabis
677 1488 710 1519 U
803 1498 868 1527 239
891 1498 954 1518 nec
968 1486 1076 1517 ARU
1129 1497 1172 1517 ne
1189 1486 1331 1518 Schenkl
1394 1487 1483 1518 sinat
1496 1486 1636 1519 Loensis

295 1533 390 1564 VIII.
422 1534 484 1563 26:
519 1532 598 1563 sinit
623 1531 739 1570 ARU,
766 1531 857 1571 qnod
882 1531 1015 1561 retinuit
1038 1530 1175 1561 Ribbeck
1322 1529 1492 1562 Adrastea
1515 1541 1580 1563 om.
1599 1531 1633 1562 R

295 1587 361 1616 240
384 1587 450 1607 una
466 1575 499 1606 A
628 1580 804 1615 parentum
822 1585 861 1605 ex
876 1578 1053 1614 parentem
1076 1573 1109 1604 U
1291 1584 1353 1612 241
1380 1575 1501 1613 quouis
1517 1575 1583 1605 alio
1601 1574 1634 1604 R

294 1625 324 1651 et
346 1620 379 1649 A
407 1631 451 1651 m.
473 1625 527 1660 pr.
676 1619 779 1649 animi
805 1618 946 1658 Haupt:
982 1617 1104 1648 animis
1131 1617 1183 1649 R:
1217 1617 1331 1648 animo
1359 1617 1451 1648 AU:
1483 1619 1631 1649 animum

297 1663 446 1704 Scaliger
587 1673 737 1701 amorem
756 1664 785 1693 A
803 1673 810 1693 ε
835 1671 985 1692 amorem
1003 1661 1035 1691 R
1223 1671 1286 1699 242
1311 1671 1387 1691 nam
1410 1661 1457 1692 U:
1483 1672 1544 1692 nec
1562 1662 1632 1692 AR

292 1708 435 1745 fortasse
451 1716 532 1747 uere,
551 1706 582 1736 si
596 1706 769 1746 Aeschyleo
787 1716 877 1737 more
887 1705 998 1746 garrit
1013 1704 1130 1735 nutrix
1185 1704 1363 1735 amathisia
1379 1703 1451 1735 AR
1569 1716 1632 1745 244

870 1774 875 1778 .
1059 1756 1077 1779 y

297 1784 349 1814 sin
381 1783 414 1814 U
515 1783 595 1822 igne
621 1782 731 1813 ARU
902 1792 965 1821 245
990 1781 1161 1819 dietinnae
1187 1781 1234 1812 U:
1264 1781 1401 1812 dictime
1424 1781 1480 1813 A:
1506 1792 1572 1814 om.
1601 1782 1634 1813 R

300 1827 469 1865 Dictynae
519 1825 727 1856 scribendum
775 1835 841 1856 esse
894 1825 1001 1855 docuit
1044 1824 1527 1866 Wilamozvitz-Moellendoiff:
1584 1831 1631 1866 cp.

297 1870 437 1901 Skutsch
463 1869 540 1900 Ans
569 1869 692 1910 Vmgils
719 1869 900 1906 Fruehzcit,
925 1874 961 1909 p.
990 1869 1029 1907 78
1151 1869 1215 1907 246
1239 1879 1270 1908 p.
1297 1869 1397 1899 deum
1420 1880 1507 1908 quae
1534 1869 1632 1900 dulce

297 1914 378 1944 mihi
406 1918 440 1943 te
468 1914 571 1944 donat
595 1924 623 1943 a.
653 1912 761 1943 ARU
772 1923 778 1942 :
810 1911 901 1952 quod
930 1911 1083 1942 retinebat
1117 1911 1248 1942 Vollmet
1279 1913 1490 1952 parenthesin
1505 1913 1635 1952 faciens

300 1957 413 1998 (dulce
430 1956 525 1995 mihi)
543 1967 550 1986 :
575 1956 684 1996 prima
701 1957 806 1986 decus
824 1954 991 1986 Schrader
1003 1955 1060 1985 sed
1082 1956 1117 1995 cs
1136 1966 1254 1986 uersus
1270 1966 1353 1996 quos
1369 1956 1481 1987 attulit
1497 1955 1634 1987 Loensis

298 2011 337 2031 ex
354 1999 484 2031 Charis.
506 1999 562 2031 IV.
583 2010 645 2039 254
674 2003 681 2017 ⁶
696 1999 789 2029 Luna
815 2000 915 2029 deum
937 2009 1024 2038 quae
1046 1998 1119 2030 sola
1141 1999 1237 2029 uides
1260 2000 1408 2039 periuria
1429 2000 1535 2040 uulgi,
1564 2000 1632 2031 Seu

300 2044 446 2074 Cretaea
470 2043 579 2082 magis
603 2053 663 2073 seu
688 2047 723 2073 tu
751 2043 897 2082 Dictyna
922 2043 1052 2073 uocaris
1068 2041 1075 2053 '
1187 2052 1248 2081 247
1275 2042 1425 2074 laborum
1452 2043 1630 2083 (suprascr.

300 2088 458 2124 laturam)
483 2086 538 2118 A:
564 2086 705 2117 laturam
726 2086 777 2117 U:
805 2097 850 2116 an
874 2096 913 2116 ex
928 2086 1057 2117 relatu?
1082 2086 1120 2124 cf.
1138 2086 1224 2117 Aen.
1247 2085 1306 2117 IX.
1326 2096 1414 2126 595:
1438 2090 1467 2117 et
1489 2088 1533 2117 sic
1555 2088 1633 2118 coni.

300 2129 472 2161 Domitius
491 2129 686 2161 Camerinus
806 2140 870 2168 249
893 2140 990 2160 scora
1006 2130 1120 2169 sc7‘1'l2sz'
1133 2129 1162 2161 Ιι.
1182 2140 1205 2160 e.
1225 2130 1348 2169 scoria,
1365 2130 1402 2170 cs.
1421 2131 1634 2161 scaurarius:

301 2175 411 2204 scoria
433 2173 508 2204 AU
520 2183 526 2203 :
551 2174 671 2204 morbo
697 2172 726 2203 R
743 2185 748 2203 :
782 2174 900 2204 scabre
921 2172 1085 2213 Scaliger:
1120 2173 1205 2203 soria
1222 2173 1417 2205 Reinesius:
1442 2175 1530 2205 carie
1546 2174 1634 2205 Bm·-

301 2217 389 2248 tlzins
404 2228 410 2247 :
442 2217 539 2248 senio
555 2216 692 2247 Ribbeck
710 2227 749 2247 ex
765 2215 857 2248 Misc.
877 2216 1063 2248 Obscruatt.
1083 2216 1138 2247 IV.
1153 2226 1215 2255 323
1231 2227 1238 2247 :
1270 2226 1392 2256 spurca
1409 2241 1417 2249 .
1436 2241 1443 2248 .
1464 2242 1471 2249 .
1488 2218 1556 2248 tabi
1580 2228 1637 2258 ego

302 2261 381 2291 olim
527 2270 591 2300 250
617 2260 746 2291 uelarat
771 2259 904 2300 Heyne:
933 2260 1058 2291 uelauit
1083 2259 1209 2290 ARU:
1236 2260 1382 2292 euelauit
1402 2261 1458 2291 uir
1471 2261 1586 2293 doctus
1601 2262 1636 2292 in

304 2303 395 2335 Misc.
417 2303 599 2335 Obserualt.
623 2304 678 2336 IV.
695 2313 760 2343 323
895 2313 957 2343 252
982 2308 1018 2334 ut
1030 2309 1092 2345 pro
1110 2304 1141 2334 in
1163 2303 1196 2334 U
1313 2309 1449 2336 crocota
1467 2304 1635 2346 Scaliger:

303 2357 432 2378 corona
458 2347 570 2378 ARU.
