1820 2802
1339 175 1488 212 CIRIS

162 294 263 325 esset
293 286 357 336 qui
389 297 589 335 generum
607 284 745 322 Minoa
775 283 1001 322 auctoribus
1033 283 1128 321 extis

161 352 321 402 iungere
350 359 388 390 et
416 349 597 400 ancipitis
627 351 808 388 suaderet
838 349 974 388 tollere
1003 361 1164 399 pugnas.

216 418 269 454 At
298 415 427 454 nutrix
456 411 605 465 patuff
618 427 864 464 componens
894 415 1053 464 sulpura
1082 420 1182 451 testa
1224 412 1234 461 J

162 481 378 519 narcissum
407 479 632 529 casiamque
662 479 802 518 herbas
832 478 1041 517 contundit
1070 477 1222 524 olentis,
1282 520 1288 524 ,
1430 490 1492 523 370

163 553 299 594 terque
329 557 487 583 nouena
515 543 638 594 ligans
668 543 809 592 triplici
839 543 994 581 diuersa
1023 544 1155 580 colore
1259 541 1261 543 ’

164 611 242 655 fila,
274 612 352 647 ‘ter
381 608 421 646 in
450 607 641 658 gremium
672 608 851 645 mecum'
882 606 1009 657 inquit
1041 608 1223 656 ‘despue‚
1255 605 1376 655 uirgo,

163 675 314 723 despue
343 680 400 711 ter
429 665 562 721 uirgo:
602 684 767 710 numero
796 673 894 710 deus
925 671 1073 721 impare
1101 672 1271 721 gaudet.’

164 738 258 776 inde
289 737 376 775 Ioui
407 749 550 786 magno
579 735 783 785 geminans
814 735 964 785 fugalia
994 749 1112 782 sacra,

164 815 273 841 sacra
301 814 374 839 nec
406 800 536 839 Idaeis
565 801 720 839 anubus
751 813 823 839 nec
852 800 1010 851 cognita
1039 799 1162 848 Grais,
1431 811 1493 846 375

164 866 298 917 pergit,
332 867 547 915 Amyclaeo
577 878 762 915 spargens
791 865 925 904 altaria
954 866 1087 921 tha-llo,

164 931 263 982 regis
295 929 474 969 ΙοΙείεῑξῖ5
503 930 681 968 animum
711 931 880 980 defigere
910 930 1024 968 uotis.

165 1009 303 1035 uerum
332 994 401 1032 ubi
430 995 537 1032 nulla
566 1001 701 1033 mouet
731 994 911 1032 stabilem
941 993 1093 1038 fallacia
1121 992 1277 1040 Nisum,

164 1073 238 1099 nec
267 1066 432 1110 possunt
462 1050 644 1097 homines
673 1072 747 1097 nec
776 1066 943 1108 possunt
972 1059 1128 1097 flectere
1158 1058 1254 1105 diui,
1402 1061 1424 1077 '⁶

164 1124 291 1176 (tanta
319 1131 378 1163 est
406 1124 446 1162 in
476 1136 600 1174 paruo
629 1123 774 1162 fiducia
803 1123 909 1162 crine
938 1122 1123 1173 cauendi)
1431 1130 1495 1169 380

164 1202 295 1228 rursus
324 1189 375 1227 ad
404 1188 606 1238 inceptum
636 1188 784 1227 sociam
814 1201 855 1227 se
884 1188 1008 1238 iungit
1038 1189 1232 1235 alumnae,

166 1266 486 1305 purpureumque
516 1260 625 1302 parat
654 1266 784 1291 rursus
814 1254 979 1292 tondere
1009 1253 1205 1314 capillum,

165 1327 246 1357 tam
275 1319 394 1367 longo
424 1318 532 1367 quod
567 1316 644 1355 iam
675 1325 805 1367 captat
836 1330 1060 1356 succurrere
1089 1317 1223 1356 amori.

167 1396 247 1421 non
277 1382 406 1420 minus
437 1381 500 1420 illa
529 1389 661 1420 tamen
693 1382 847 1420 Rhauci
878 1383 988 1432 quod
1019 1381 1175 1421 moenia
1204 1389 1391 1429 crescant,

501 1472 566 1501 370
589 1461 656 1494 Ecl.
678 1473 708 1494 2.
729 1472 764 1492 11
908 1473 968 1503 371
994 1463 1061 1494 Ecl.
1083 1464 1110 1495 8.
1132 1473 1171 1503 73

210 1535 272 1572 367
299 1538 390 1563 esset
403 1532 521 1573 Sillig:
539 1537 571 1563 et
585 1533 672 1563 sitR
687 1544 692 1563 :
721 1538 755 1564 et
770 1534 946 1573 (suprascr.
962 1535 1012 1573 ut)
1025 1534 1093 1564 sint
1106 1533 1138 1563 A
1157 1545 1163 1564 :
1179 1538 1215 1564 ut
1226 1534 1293 1564 sint
1311 1534 1362 1565 U:
1379 1541 1496 1565 essent

167 1577 248 1609 Ald.
271 1586 352 1616 1517
458 1577 588 1607 minora
605 1576 706 1616 Neap.
726 1587 732 1607 :
750 1576 782 1616 f.
804 1576 943 1607 Minona
1045 1578 1127 1607 estis
1145 1578 1319 1617 (suprascr.
1339 1578 1443 1617 extis)
1460 1578 1493 1607 A

166 1621 230 1659 368
255 1620 414 1650 suaderet
439 1619 529 1649 AR:
554 1620 734 1650 suaderent
757 1620 790 1649 U
928 1621 992 1659 369
1017 1621 1154 1659 sulpura
1181 1622 1312 1661 scripsi:
1337 1621 1497 1661 sulphura

166 1663 200 1693 A
326 1672 391 1701 370
414 1663 564 1693 incendit
580 1662 654 1692 AU
768 1672 829 1702 371
856 1663 964 1702 ligans
992 1663 1149 1694 Ribbeck:
1175 1664 1280 1703 ligant
1296 1664 1389 1694 AR:
1414 1665 1496 1704 ligat

171 1706 204 1737 U
346 1715 408 1744 374
432 1705 512 1735 inde
530 1716 652 1744 magno
676 1706 823 1744 geminat
849 1707 916 1736 ioui
941 1706 1032 1737 AR:
1068 1707 1146 1738 hinc
1182 1717 1304 1746 magno
1334 1713 1498 1747 generata

167 1749 239 1779 Ioui
268 1748 319 1779 U:
354 1749 433 1778 inde
454 1748 478 1778 Ι.
495 1749 643 1788 geminat
669 1759 793 1788 magno
819 1749 900 1780 Ald.
933 1760 1036 1789 1517:
1082 1750 1159 1780 hinc
1180 1751 1310 1789 magico
1335 1756 1498 1781 uenerata

167 1792 332 1832 Scaliger:
367 1792 446 1822 inde
477 1802 575 1831 mago
607 1792 777 1831 geminata
802 1792 958 1823 Ribbeck:
992 1793 1070 1823 inde
1102 1804 1190 1832 agno
1218 1798 1379 1824 uenerata
1407 1794 1498 1825 Iouis

168 1835 299 1874 Maehly
396 1835 525 1865 furialia
551 1834 675 1865 Bothe:
700 1835 856 1874 srigidula
881 1835 1008 1866 ARU:
1033 1837 1188 1875 stygialia
1215 1837 1380 1877 Scaltger:
1411 1849 1496 1868 num

171 1879 452 1917 Phlegethontia?
477 1878 557 1908 inde
576 1879 646 1909 Ioui
672 1878 793 1917 Stygio
816 1880 965 1918 geminat
990 1881 1069 1909 dum
1090 1880 1210 1919 frigida
1233 1890 1329 1911 sacra
1348 1881 1497 1911 Gangen-

168 1921 306 1953 mueller
433 1931 496 1960 375
513 1922 598 1952 ideis
613 1921 682 1951 AR
689 1921 722 1952 U
729 1933 736 1952 :
759 1922 883 1953 Aeaeis
906 1922 1067 1953 Heinsius
1191 1924 1322 1955 anubus
1340 1923 1498 1955 Ribbeck:

167 1965 306 1996 senibus
336 1964 406 1995 AR
424 1976 431 1994 z
469 1965 588 1995 auibus
622 1965 656 1995 U
854 1967 920 2004 376
951 1966 997 1996 sic
1029 1966 1080 1996 U:
1120 1967 1230 2005 perdit
1261 1967 1329 1997 RA
1347 1978 1353 1997 ε
1397 1969 1499 2007 tergit

170 2008 504 2048 Chigisznussortasse
520 2012 595 2038 recte
705 2008 864 2046 amicleoss
878 2019 1027 2049 pergens
1045 2010 1219 2049 (suprascr.
1238 2012 1419 2049 spargens}
1439 2011 1471 2040 A
1492 2022 1498 2041 :

168 2051 327 2082 amicleos
350 2061 498 2091 pergens
515 2051 548 2081 R
674 2051 741 2082 talo
758 2051 829 2081 AR
1001 2063 1063 2092 377
1090 2053 1241 2092 defigere
1261 2054 1311 2083 U:
1336 2054 1498 2092 defugere

169 2094 239 2124 AR
326 2095 392 2133 380
415 2094 557 2125 cauendi
573 2105 613 2125 ex
624 2096 811 2125 cauendum
832 2095 881 2125 U:
917 2107 950 2126 u.
969 2096 999 2127 d.
1020 2096 1201 2127 Obseruatt.
1218 2096 1259 2129 11.
1279 2107 1342 2136 323
1360 2097 1499 2127 malebat

170 2141 346 2178 parentem
363 2138 415 2167 uel
428 2138 563 2177 pauenti
677 2140 739 2177 381
766 2138 874 2177 iungit
891 2138 981 2169 AR:
1005 2139 1155 2178 adiungit
1175 2139 1207 2169 U
1335 2141 1399 2178 383
1423 2151 1497 2171 cum

169 2181 272 2220 longe
305 2180 424 2222 (longe
456 2185 617 2220 suprascr.
641 2192 661 2211 0
685 2181 732 2221 A,
757 2182 859 2221 longo
888 2181 940 2221 U)
966 2182 1092 2212 ARU:
1135 2187 1201 2212 tam
1225 2182 1330 2222 longo
1362 2184 1499 2222 Heyne:

169 2228 236 2255 tam
261 2225 353 2254 lento
369 2223 549 2254 Kreunen.
543 2235 549 2241 ·
579 2224 723 2254 Vollmer
741 2225 883 2265 putabat
899 2235 972 2255 cum
990 2225 1092 2264 longo
1107 2227 1221 2264 quod.
1273 2236 1363 2256 .non
1388 2228 1499 2258 minus

169 2269 215 2298 sic
228 2267 316 2297 εἰναι
336 2270 372 2297 ut
394 2277 469 2298 cum
487 2267 601 2306 quod.
652 2274 748 2298 .tum
767 2268 856 2307 quod
975 2269 1064 2307 quod
1083 2269 1165 2309 iam]
1184 2269 1345 2308 quoniam
1362 2269 1499 2302 Iuntina

171 2311 234 2349 384
260 2309 393 2341 Rhauci
410 2320 467 2350 ego
483 2314 512 2340 et
533 2310 651 2351 Unger,
669 2311 707 2350 cf.
726 2310 836 2351 steph.
855 2311 935 2350 Eyz.
959 2311 1086 2343 Ῥαῦκος
1098 2313 1189 2343 πόλις
1208 2312 1241 2341 ἐν
1263 2324 1420 2353 μεσογειῳ
1441 2314 1498 2352 τῆς

171 2354 307 2392 Κρήτης,
323 2352 491 2393 Inscm'ptt'o
508 2353 717 2393 Gortynensis
740 2354 922 2394 (Halblzerr
943 2357 980 2386 ἐπ’
1006 2354 1208 2395 Comparetti
1223 2356 1320 2396 1889)
1339 2357 1499 2396 Γορτύνιοι

171 2396 304 2426 Κνώσιοι
320 2395 462 2427 Φαίστιοι
479 2395 608 2427 Λύττιοι
633 2396 793 2427 Ῥαύκιοιε
818 2398 908 2428 rauci
925 2397 978 2428 R:
1004 2398 1119 2428 reuchi
1139 2397 1188 2429 U:
1213 2400 1302 2429 rauci
1322 2399 1498 2440 (suprascr.

171 2438 303 2479 reuchi)
318 2438 350 2468 A
439 2439 608 2480 crescant]
629 2445 757 2471 restant
778 2440 910 2480 U11g‹r:er
931 2441 1054 2472 Cressa
1067 2440 1247 2474 Schrader:
1274 2443 1390 2473 reuehi
1406 2445 1497 2482 quod

171 2482 302 2535 moenia
319 2481 447 2513 Rhauci
465 2483 608 2521 gaudeat
626 2482 773 2517 Rtw'bbeck
