1820 2802
1185 145 1558 185 CATALEPTON

295 269 448 303 uocare,
478 256 547 294 ubi
576 256 764 306 adpulsae
793 263 893 294 rates
1031 302 1033 305 .

240 328 344 360 stant
373 320 413 358 in
442 320 553 359 uadis
582 333 706 358 caeno
734 327 907 358 retentae
933 319 1104 366 sordido,
1523 335 1561 366 25

296 399 504 436 macraque
532 386 723 423 luctantes
751 398 878 435 aquag
996 377 1000 378 ⁷
1089 430 1092 433 Δ

241 464 370 500 neque
399 450 438 488 in
468 450 638 488 culinam
669 457 706 488 et
735 457 855 488 uncta
884 449 1108 499 compitalia

295 516 496 566 dapesque
525 516 646 554 duces
676 514 865 561 sordidas,

242 580 385 630 quibus
415 581 584 630 repletus
614 587 655 618 ut
685 579 862 618 saliuosis
892 578 1028 628 †aquis

296 646 457 684 obesam
487 646 538 683 ad
568 658 727 683 uxorem
762 644 875 691 redis,
1525 657 1567 687 30

242 717 511 749 exaestuantes
541 711 634 748 dote
663 708 782 748 soluis
812 708 998 758 pantices,

295 788 338 813 os
369 788 535 825 crusque
564 773 862 813 lambiscsauiis.

241 853 346 878 nunc
375 841 497 891 laede,
531 853 635 878 nunc
665 841 823 885 lacesse,
856 838 887 876 si
916 837 1128 888 quicquam
1160 838 1289 875 uales!

295 913 331 944 et
361 918 507 944 nomen
536 894 689 943 asciibo
719 912 841 942 tuum.

240 970 404 1009 cinaede
434 970 543 1016 Luci,
575 968 705 1008 iamne
736 977 773 1007 te
803 968 951 1018 liquere
981 980 1087 1018 opeS‚
1524 982 1564 1016 35

293 1035 476 1084 fameque
504 1034 664 1085 genuini
694 1035 883 1083 crepant?

240 1099 387 1139 uidebo
416 1100 628 1139 habentem
659 1106 810 1149 praeter
839 1098 1002 1148 ignauos
1032 1096 1129 1135 nihil

292 1166 426 1203 fratres
455 1172 492 1204 et
521 1164 661 1203 iratum
694 1165 845 1210 Iouem,

239 1229 483 1280 scissumque
513 1237 690 1269 uentrem
721 1236 758 1267 et
788 1228 960 1267 hirneosi
989 1227 1116 1278 patrui

294 1296 414 1345 pedes
445 1294 575 1334 inedia
601 1294 786 1345 turgidos.
1521 1309 1565 1341 40

238 1397 336 1427 istius
352 1401 447 1428 aetas
465 1397 545 1428 suit?
593 1396 652 1426 An
673 1395 880 1427 scribendum
898 1397 1050 1435 flauaque
1065 1399 1220 1434 opertum
1246 1394 1386 1425 nebride
1404 1394 1505 1431 (Stat.
1524 1394 1561 1426 S.

240 1440 264 1471 1.
296 1451 324 1471 2.
357 1442 447 1479 226),
471 1450 683 1480 quamquam
715 1439 807 1481 apud
829 1440 998 1480 plerosque
1030 1449 1048 1469 e
1079 1439 1178 1479 longa
1201 1438 1371 1469 inuenitur
1521 1449 1562 1478 24

238 1483 310 1525 ubi]
352 1484 409 1514 tibi
440 1483 473 1513 B
603 1493 644 1522 25
670 1494 776 1515 caeno
809 1494 834 1515 r.
866 1494 891 1514 s.
924 1487 1013 1513 stant
1045 1482 1077 1511 in
1111 1492 1140 1512 u.
1175 1481 1213 1512 L.
1249 1481 1389 1512 Mueller
1521 1484 1563 1514 26

241 1527 400 1558 luctantis
426 1527 465 1557 M
611 1536 651 1566 27
675 1531 794 1558 cuncta
819 1526 852 1556 Β
1008 1526 1049 1555 28
1074 1525 1181 1556 dulcis
1205 1524 1431 1555 MArMed.:
1456 1525 1563 1563 dulcis

241 1571 295 1600 B:
330 1570 433 1601 duces
456 1569 642 1601 Scm'zcert'us
815 1579 857 1608 29
881 1569 933 1610 ut]
959 1579 997 1599 ae
1023 1568 1207 1599 Sabbadsni
1335 1568 1492 1599 saliuosis
1507 1568 1562 1599 B:

238 1613 394 1644 salmosis
416 1613 476 1643 M:
501 1614 659 1644 salinosis
681 1613 833 1643 ArMed.
897 1612 992 1652 aquis
1024 1611 1111 1643 codd.
1131 1623 1137 1641 :
1177 1611 1280 1642 sacris
1304 1610 1366 1642 Plz.
1397 1610 1561 1652 Wagner:

238 1656 341 1687 labris
376 1657 515 1696 Haupt:
553 1657 650 1696 aquis
669 1657 786 1697 poterit
811 1667 851 1686 ex
876 1656 920 1686 eis
947 1655 1078 1695 defendi
1098 1665 1180 1695 quae
1198 1654 1235 1685 P.
1262 1654 1390 1685 Petz'tus
1413 1653 1564 1687 disseruit

238 1699 330 1730 Misc.
345 1700 421 1731 obs.
438 1699 481 1731 ΙΙ.
500 1710 519 1730 2
534 1711 540 1730 z
564 1700 656 1740 sapis
669 1698 853 1730 salahadini
865 1698 942 1738 (abl.
953 1698 1061 1739 plur.)
1080 1710 1086 1729 ε
1104 1709 1189 1729 num
1203 1698 1293 1729 cauis
1305 1699 1360 1738 (sc.
1372 1697 1538 1738 dentium)
1552 1701 1562 1731 ἓ

237 1752 280 1781 30
304 1743 459 1774 obessam
490 1743 532 1773 M
675 1743 716 1773 ad
747 1753 813 1773 om.
847 1741 886 1772 M
1045 1751 1083 1780 31
1112 1746 1239 1773 exaest.
1265 1741 1398 1782 scripsi:
1416 1746 1574 1781 ‚‚Q„ss§3»

237 1785 325 1817 codd.
404 1784 482 1817 dote
500 1786 539 1817 M
550 1785 606 1816 Ar
619 1785 705 1817 Med.
724 1797 730 1816 :
765 1786 894 1826 doctjd
887 1785 920 1815 Β
933 1796 939 1815 :
976 1790 1076 1816 nocte
1088 1777 1567 1826 menzberg

236 1829 357 1871 soluis]
391 1830 493 1860 saluis
523 1828 563 1859 M
576 1840 582 1859 ε
616 1830 754 1860 soluens
784 1829 967 1868 Hertzberg
1120 1829 1271 1868 pantices
1299 1829 1561 1869 suprascriptum

237 1873 272 1902 in
282 1873 324 1912 B,
342 1883 435 1903 eraso
451 1871 541 1913 quod
548 1873 647 1913 prius
659 1873 692 1903 in
707 1876 791 1903 textu
795 1873 912 1911 fuerat
989 1882 1030 1911 32
1056 1872 1258 1912 osiculisque
1268 1871 1399 1903 blandis
1410 1871 1456 1911 (et
1465 1877 1565 1912 super

236 1915 374 1947 deletum
385 1916 550 1957 lzoclabis)
565 1916 676 1947 suauis
689 1915 739 1948 B:
763 1926 911 1955 osusque
925 1915 1039 1946 libissa
1053 1916 1116 1947 iuis
1127 1915 1169 1946 M
1182 1927 1188 1945 :
1199 1916 1388 1955 hossusque
1400 1914 1562 1947 labissavs

236 1959 300 1997 Ar,
325 1959 384 1990 sed
402 1965 501 2000 super
521 1970 550 1998 v,
578 1969 663 1998 quae
683 1960 782 2000 prius
812 1970 831 1990 a
863 1958 995 1990 uidetur
1011 1959 1134 1998 fuisse,
1165 1959 1266 1990 altera
1297 1968 1319 1988 v
1349 1959 1468 1999 scripla
1494 1962 1560 1991 est:

240 2013 403 2042 ossusque
431 2003 616 2033 labissanus
640 2002 724 2033 Med.
746 2006 774 2032 et
792 2002 894 2033 Rehd.
926 2012 984 2041 125
1003 2013 1009 2032 :
1043 2012 1082 2033 os
1105 2012 1210 2041 usque
1228 2001 1394 2042 Scaliger:
1418 2002 1560 2041 olusque

239 2046 373 2077 Coluius
389 2046 436 2077 ad
443 2045 476 2075 A
476 2046 626 2086 puleium
637 2051 671 2086 p.
683 2056 725 2085 29
742 2057 748 2076 x
772 2056 856 2085 quos
880 2056 987 2085 usque
1004 2045 1211 2077 Sabbadim‘:
1235 2056 1272 2075 os
1290 2055 1433 2084 crusque
1449 2046 1565 2086 scripsi

237 2100 278 2129 33
301 2090 392 2120 hunc
419 2089 476 2119 Ar
597 2099 638 2128 34
661 2089 796 2120 ascribo
822 2088 948 2119 MAr:
979 2090 1087 2120 adscr.
1107 2089 1140 2119 Β
1262 2097 1304 2127 35
1330 2089 1406 2119 cine
1431 2088 1560 2120 delucci

236 2134 302 2163 iam
318 2137 352 2164 te
367 2133 538 2172 liquerunt
554 2143 584 2163 o.
603 2132 656 2162 B:
680 2133 777 2163 cinae
794 2132 986 2163 dulcissima
1007 2136 1041 2162 et
1061 2132 1190 2170 liquere
1207 2142 1237 2162 0.
1255 2131 1316 2162 M:
1341 2142 1424 2162 eune
1441 2131 1560 2163 dulcis—

237 2176 321 2208 sima
335 2177 440 2206 ceteris
455 2176 671 2206 omissisAr:
696 2176 836 2206 cinaede
854 2175 937 2206 Luci
951 2186 993 2205 an
1006 2175 1064 2216 (en
1083 2174 1282 2213 Scriuen'us)
1301 2179 1334 2205 te
1350 2175 1559 2215 reliquerunt

236 2221 340 2259 opes?
378 2219 458 2249 Ald.
488 2229 579 2259 1517,
611 2219 712 2259 uulgo
727 2230 734 2249 z
767 2229 794 2250 c.
826 2219 939 2257 Lucei,
966 2219 1077 2248 iamne
1109 2219 1275 2249 licuerunt
1307 2228 1338 2250 ο.
1370 2217 1558 2250 Baehrens:

236 2263 346 2294 iamne
362 2267 395 2292 te
412 2263 542 2302 liquere
559 2273 589 2293 0.
607 2264 616 2294 ζ
646 2273 704 2302 ego
720 2274 726 2292 :
751 2273 778 2293 c.
799 2262 949 2292 Luciene
965 2261 1135 2302 liquerunt
1153 2272 1182 2292 o.
1197 2263 1207 2292 ’ἒ
1230 2261 1410 2301 Buecheler,
1425 2260 1537 2292 Ribb.²
1552 2273 1559 2292 :

237 2316 265 2336 c⁴
285 2305 419 2345 Luccei,
438 2307 547 2336 iamne
564 2306 736 2345 liquerunt
752 2307 806 2337 o.3
835 2304 1022 2336 Sabbadim·
1106 2306 1148 2343 36
1171 2305 1258 2335 fame
1275 2315 1342 2336 om.
1359 2304 1417 2335 Ar
1433 2305 1468 2335 in
1492 2315 1558 2345 quo

235 2359 302 2388 que
319 2348 455 2387 genium
471 2355 611 2389 crepant
620 2353 698 2389 post
715 2359 802 2380 cune
819 2348 1012 2379 dulcissima
1026 2349 1060 2379 in
1080 2347 1194 2379 eodem
1214 2358 1310 2379 uersu
1325 2348 1484 2389 serapium
1500 2352 1556 2386 est,

236 2391 346 2422 addito
363 2393 396 2421 in
413 2402 521 2432 marg.
547 2392 660 2423 deficit
675 2403 762 2423 unus
861 2391 999 2431 genium
1022 2391 1062 2421 M
1083 2391 1139 2422 Ar
1151 2390 1238 2422 Med.
1351 2401 1392 2431 37
1417 2396 1558 2431 propter

236 2436 293 2465 Ar
303 2434 383 2466 Med
499 2445 542 2475 39
565 2435 715 2466 hirneosi
731 2435 781 2465 B:
808 2434 950 2465 hirrcosi
967 2435 992 2473 <2
1006 2435 1160 2465 hirreosi*
1180 2434 1236 2466 M:
1262 2434 1384 2465 hircosi
1401 2435 1458 2464 Ar
1468 2434 1555 2465 Med.

1433 2477 1471 2512 7*
