1820 2802
267 770 273 771 ’
314 771 385 809 sed
414 771 570 808 fortuna
600 771 736 808 ualens
765 770 958 808 audacem
988 771 1132 811 fecerat
1161 777 1263 810 ante.

317 137 503 177 CVLEX

548 226 565 256 x
1404 229 1405 232 ,
1430 210 1433 220 ¹
1460 212 1462 229 1

318 262 523 301 poenane
529 257 729 302 respectus
759 258 796 290 et
827 263 933 290 nunc
964 258 1097 291 manet
1126 236 1309 302 Orpheos
1339 239 1379 290 in
1409 252 1477 290 te?

315 316 444 355 audax
473 315 537 355 ille
546 311 741 366 quidem,
773 316 841 367 qui
872 315 1008 355 mitem
1039 316 1241 356 Cerberon
1272 329 1462 392 umquam
1587 330 1650 364 270

315 379 482 438 credidit
510 387 578 419 aut
607 379 676 419 ulli
707 380 810 419 Ditis
840 380 1033 441 placabile
1063 394 1223 429 numen,
1266 399 1283 407 „

316 459 389 485 nec
419 445 549 484 timuit
579 447 874 509 Phlegethonta
898 438 1094 486 furentem
1123 444 1353 494 ardentibus
1383 445 1511 493 undis,

315 524 389 549 nec
419 518 569 549 maesta
598 511 762 550 obtenta
792 500 894 550 Ditis
924 510 1118 562 ferrugine
1147 525 1275 562 regna,

310 576 567 630 ecfossasque
596 576 738 615 domos
767 589 815 615 ac
844 577 1006 615 Tartara
1035 584 1153 616 nocte
1183 584 1345 616 cruenta

275 655 279 656 ⁷
306 640 454 688 obsita,
486 653 560 679 nec
589 640 712 679 facilis
743 640 884 688 †Ditis,
917 641 1001 680 sine
1031 641 1172 690 iudice,
1205 642 1330 688 sedes,
1585 652 1650 687 275

315 705 459 753 iudice,
489 704 556 755 qui
586 704 690 743 uitae
720 713 810 755 post
839 712 1007 744 mortem
1037 702 1213 744 uindicat
1241 713 1348 768 acta⁸¹
1404 754 1405 758 Ἰ
1446 742 1449 745 ,

314 834 393 873 iarn
423 834 548 885 rapidi
578 841 765 873 steterant
794 847 931 873 amnes
962 842 999 873 et
1029 833 1143 873 turba
1172 836 1340 874 ferarum
1466 846 1506 863 w
1548 816 1635 854 ’μί’

316 899 463 938 blanda
492 912 591 938 uoce
621 912 769 950 sequax
797 899 998 950 regionem
1028 893 1216 939 infiderat
1246 898 1396 951 Orphei
1411 914 1421 947 ,-

314 964 473 1016 iamque
494 965 614 1003 imam
643 965 760 1004 uiridi
788 965 961 1005 radicem
992 973 1170 1005 mouerat
1198 967 1276 1005 alte
1303 976 1375 986 ν
1587 972 1652 1003 280

316 1043 484 1082 quercus
513 1032 648 1078 humo,
680 1021 895 1087 †steterant¹
920 1031 1328 1085 amnesfl-siluaeque
1358 1043 1524 1070 sonorae

315 1103 457 1147 sponte
486 1109 556 1135 sua
586 1103 724 1136 cantus
754 1096 959 1148 rapiebant
988 1097 1133 1137 cortice
1162 1099 1291 1137 auara.

315 1161 483 1201 labentis
513 1161 655 1213 biiugis
685 1161 803 1201 etiam
834 1175 903 1212 per
931 1161 1059 1202 sidera
1090 1164 1204 1201 Luna

314 1226 454 1278 pressit
483 1240 631 1278 equos:
671 1234 709 1266 et
739 1234 781 1266 tu
810 1227 1011 1275 currentis,
1044 1234 1245 1267 menstrua
1274 1227 1395 1278 uirgo,

314 1292 497 1332 auditura
525 1294 647 1343 lyram
677 1292 838 1332 tenuisti
851 1280 984 1333 'nocte
1014 1293 1157 1332 relicta.
1585 1301 1648 1340 285

315 1359 414 1397 haec
443 1358 584 1398 eadem
615 1357 743 1408 potuit
776 1357 946 1397 Ditis'te
976 1357 1134 1397 uincere
1164 1357 1347 1404 conium,

317 1422 622 1474 Eurydicenque
650 1424 753 1462 ultro
782 1424 1007 1463 ducendam
1039 1424 1227 1463 reddere:
1266 1436 1348 1462 non
1378 1423 1446 1470 fas,

316 1501 397 1527 non
427 1495 508 1527 erat
537 1487 603 1529 †in
633 1487 755 1527 uitam
785 1487 928 1528 diuae†
957 1488 1155 1549 exorabile
1183 1487 1332 1542 mortis.

317 1553 382 1592 illa
411 1553 579 1612 quidem
604 1553 770 1592 nimium
802 1553 928 1592 manis
958 1552 1117 1604 experta
1146 1566 1331 1611 seueros
1358 1520 1379 1557 *A
1516 1551 1518 1554 ’

317 1626 571 1670 praeceptum
602 1618 781 1669 signabat
811 1619 894 1667 iter,
926 1632 999 1658 nec
1029 1618 1176 1658 rettulit
1207 1618 1312 1657 intus
1588 1635 1652 1668 290

360 1724 425 1763 269
450 1724 609 1755 Poenane
626 1722 787 1755 Schenkl:
812 1723 973 1763 Peneque
993 1722 1041 1754 V:
1074 1722 1257 1762 Poenaque
1276 1721 1310 1763 (9
1327 1721 1373 1764 Β)
1393 1726 1418 1753 Ω
1520 1724 1650 1765 manet]

317 1767 409 1798 ualet
439 1767 495 1798 Fr.
529 1766 644 1798 Jacobs
766 1767 928 1807 Orpheos
959 1766 1118 1798 Ribbeck:
1142 1766 1302 1806 Orpheus
1332 1765 1422 1798 codd.
1588 1777 1653 1806 270

317 1811 458 1842 cerbero
482 1821 663 1850 numquam
688 1809 718 1841 S
741 1810 830 1842 Cors.
852 1821 859 1840 τ
893 1810 1033 1841 cerbera
1061 1820 1243 1849 numquam
1267 1809 1367 1840 BPT
1503 1820 1562 1849 271
1594 1816 1651 1842 aut

319 1853 364 1885 ed.
392 1854 530 1886 Ascens.
556 1863 660 1893 1507:
687 1854 768 1885 haut
787 1853 934 1885 FPTV:
964 1854 1053 1885 haud
1073 1852 1135 1884 ΞΒ
1156 1853 1251 1884 Cant.
1391 1864 1454 1893 272
1483 1854 1651 1885 furentem

318 1897 473 1936 Bembus,
500 1898 537 1938 es.
566 1897 676 1928 Aetna
698 1898 785 1937 298:
816 1897 931 1928 serens
955 1896 1005 1928 S:
1044 1897 1157 1928 ferens
1182 1898 1217 1938 (v
1240 1898 1423 1938 suprascr.)
1453 1896 1501 1928 T:
1534 1898 1651 1929 furens

318 1940 415 1972 BFP
435 1939 524 1972 Cors.
551 1940 646 1973 Cant.
679 1940 776 1980 idque
807 1941 1009 1971 retinuerunt
1039 1940 1116 1971 Birt
1143 1944 1172 1971 et
1198 1939 1264 1971 Leo
1426 1950 1490 1980 273
1514 1941 1652 1972 obtenta

323 1982 524 2015 Vossianus:
555 1985 696 2015 obtentu
714 1987 763 2015 Ω.
756 1995 764 2002 ·
795 1985 913 2015 obtutu
935 1983 984 2016 W
1007 1983 1153 2024 Wagner
1297 1994 1360 2023 274
1386 1984 1458 2014 Nec
1475 1984 1653 2024 fossasque

317 2027 514 2060 BFTCors.
533 2039 540 2059 ε
573 2029 632 2069 sec
652 2027 828 2067 fossasque
852 2027 901 2058 S:
936 2028 1156 2067 ecsossasque
1179 2027 1301 2068 scm‘ps1‚
1326 2027 1363 2066 cf
1383 2026 1485 2058 Neue·
1493 2026 1654 2068 Wagener

319 2071 549 2102 Formenlehre
558 2081 589 2110 3.
604 2081 670 2111 219
759 2081 822 2111 275
840 2071 939 2102 dictis
949 2070 1107 2102 Medi.:ol
1130 2071 1209 2102 ditis
1220 2074 1307 2102 cett.:
1334 2070 1476 2102 Dictaeo
1486 2070 1652 2115 Scaliger:

321 2115 438 2146 Dictes
461 2125 519 2155 ego
542 2115 620 2146 olim
709 2115 773 2154 278
796 2124 914 2145 amnes
933 2114 1029 2146 Cant.
1043 2113 1172 2146 Mediol.
1190 2125 1198 2145 z
1221 2114 1330 2145 omnis
1348 2115 1452 2154 (uela
1469 2111 1651 2155 suprascr.)

324 2158 365 2190 V:
392 2168 512 2189 omnes
529 2161 555 2188 Ω
689 2168 752 2198 279
776 2159 810 2189 in
828 2158 941 2189 sidera
959 2158 1048 2190 Cors.
1194 2158 1259 2189 280
1283 2157 1393 2188 uiride
1410 2156 1459 2189 S:
1484 2169 1568 2189 num
1585 2158 1652 2190 ima

319 2202 462 2234 uiridis?
569 2211 706 2233 mouera
725 2201 814 2233 Cors.
906 2203 967 2232 281
994 2211 1113 2233 omnes
1129 2200 1179 2232 S:
1203 2211 1320 2232 amnes
1337 2200 1458 2232 ΒΓΗ·
1451 2225 1458 2231 .
1483 2211 1590 2232 annes
1613 2201 1644 2232 V

320 2246 384 2283 283
408 2244 553 2276 labentis
571 2245 660 2277 Cors.
678 2257 685 2276 :
709 2245 863 2276 labentes
877 2245 1020 2286 plerique
1129 2244 1208 2275 luna
1217 2244 1282 2274 BE
1293 2244 1387 2277 Cant.
1404 2256 1411 2275 z
1436 2244 1515 2275 lune
1527 2244 1659 2276 PTVF

322 2288 413 2319 Cors.
430 2300 437 2319 :
471 2289 630 2320 Phoebus
646 2289 726 2319 olim
743 2288 881 2320 Ribbeck
1026 2289 1088 2327 284
1114 2288 1259 2328 praessit
1275 2287 1309 2317 Β
1439 2289 1502 2328 285
1527 2288 1653 2319 relecta

320 2331 502 2363 Markland
609 2333 671 2371 287
697 2331 801 2373 ultro]
819 2333 892 2363 uiro
907 2331 1069 2364 Heinsius
1188 2332 1252 2362 288
1275 2332 1348 2362 dire
1367 2330 1571 2362 Vossianus:
1596 2332 1652 2362 diu

321 2374 349 2406 S
417 2385 484 2406 non
502 2380 575 2407 erat
593 2376 641 2406 ire
659 2376 746 2407 uiam
763 2376 868 2407 durae
884 2386 914 2408 e.
935 2386 978 2408 m.
998 2375 1078 2407 olim
1096 2375 1291 2407 coniecerant
1381 2376 1446 2415 289
1462 2380 1604 2415 experte
1620 2375 1653 2406 Β

323 2428 464 2450 seueras
481 2417 510 2449 S
