1820 2802
310 145 411 183 VIR
445 142 625 184 BONVS

310 269 429 305 quam
460 255 600 294 melius
629 262 780 294 mutare
809 254 909 293 suit?
966 253 1169 293 miseratus
1198 261 1378 305 egentem

310 334 377 360 cur
405 321 578 371 aliquem
607 321 728 359 fracta
756 319 930 370 persensi
960 326 1093 359 mente
1121 320 1330 359 dolorem?
1600 337 1641 358 20

309 386 406 436 quid
435 385 543 425 uolui
573 386 682 435 quod
712 386 816 424 nolle
846 385 997 423 bonum
1026 385 1155 424 foret?
1210 385 1304 424 utile
1333 386 1502 424 honesto

310 465 379 489 cur
407 452 533 489 malus
563 449 756 489 antetuli?
811 463 907 489 num
937 449 1045 489 dicto
1073 456 1140 488 aut
1169 450 1342 500 denique
1371 452 1483 489 uultu

310 516 534 567 perstrictus
565 515 805 565 quisquam?
862 528 930 553 cur
960 528 1023 553 me
1053 522 1191 553 natura
1219 515 1343 565 magis
1373 529 1491 566 quam

310 580 518 631 disciplina
547 579 693 619 trahit?
750 580 805 618 sic
835 579 941 619 dicta
970 587 1007 618 et
1037 580 1138 618 facta
1167 592 1236 630 per
1265 580 1398 619 omnia

310 645 613 696 ingrediensque
643 652 809 696 ortoque
838 658 860 683 a
890 658 1052 695 uespere
1082 652 1224 684 cuncta
1252 646 1461 684 reuoluens
1601 662 1641 694 25

310 712 482 750 offensus
512 710 642 761 prauis
671 712 738 750 dat
768 712 940 761 palmam
970 718 1008 749 et
1037 710 1210 761 praemia
1239 711 1366 750 rectis.

357 823 396 854 19
419 823 564 853 egenum
581 813 764 844 Vossianus
852 822 895 844 20
918 813 992 852 Qur
1009 812 1038 843 S
1123 822 1162 843 21
1187 812 1267 852 quid
1284 813 1375 844 nolle
1391 812 1420 845 S
1486 814 1572 844 furet
1588 813 1620 843 Β
1635 825 1642 845 :

311 858 399 888 soret
423 857 471 887 rd
492 857 550 888 sed
568 856 773 897 praecedente
793 861 827 887 et
1003 865 1044 895 23
1069 857 1270 896 perstrictus
1288 855 1357 888 rS:
1394 858 1582 896 perstrictis
1610 857 1642 887 Β

311 900 489 940 quisquam
512 902 586 932 est?
612 900 708 931 Riese
840 910 881 938 24
906 900 952 930 sic
972 900 1061 930 dicta
1079 910 1140 940 per
1155 900 1267 931 omnia
1285 900 1439 940 factaque
1458 904 1480 931 Γ
1601 911 1642 940 25

311 945 577 984 ingrediensque
595 943 668 985 (sic)
687 943 719 974 Β
734 955 741 974 t
764 943 962 984 ingrediens
979 944 1097 983 reliqui
1109 944 1174 974 mei
1187 943 1304 974 codices
1429 945 1594 984 hortoque
1610 944 1642 974 Β

311 990 352 1018 26
376 989 433 1019 det
450 988 482 1018 Β
503 988 683 1018 Vossianus
700 999 707 1019 :
732 988 788 1018 dat
806 987 861 1018 FP
878 987 903 1017 d
916 987 1149 1027 Sangallensis
1172 988 1238 1027 899

354 1063 472 1086 PVBLH
496 1063 658 1086 VIRGILII.
688 1062 833 1086 ECLOGA.
863 1062 930 1085 FIN.
958 1052 990 1082 Β
