1820 2802
1143 149 1518 187 CATALEPTON

756 334 863 372 VIII

199 420 357 469 Villula,
386 433 487 470 quae
504 419 664 465 Sironis
694 433 789 467 eras,
821 427 859 459 et
888 432 1035 471 pauper
1063 420 1198 470 agelle,

252 497 388 524 uerum
418 484 472 523 illi
501 485 665 524 domino
695 492 736 523 tu
766 498 925 535 quoque
955 483 1126 530 diuitiae,

198 561 262 587 me
291 548 362 587 tibi
391 556 429 588 et
458 550 531 588 hos
560 563 639 588 una
667 563 836 597 mecum,
868 562 968 600 quos
998 562 1152 600 semper
1180 548 1322 596 amaui,

252 613 283 652 si
312 613 408 664 quid
438 615 488 653 de
516 614 640 665 patria
668 614 813 653 tristius
842 614 1014 662 audiero,

197 679 450 726 commendo,
482 679 522 717 in
551 678 765 730 primisque
794 685 954 729 patrem.
1014 685 1056 716 tu
1085 691 1191 717 nunc
1220 678 1294 717 eris
1324 677 1391 726 illi,
1505 696 1523 727 5

253 744 422 782 Mantua
450 744 559 794 quod
589 744 713 782 fuerat
743 744 932 794 quodque
962 743 1160 783 Cremona
1189 743 1305 793 prius.

779 951 838 987 IX

201 1047 330 1084 Pauca
359 1045 466 1093 mihi,
498 1046 617 1085 niueo
646 1047 716 1085 sed
746 1059 826 1085 non
856 1046 1056 1096 incognita
1085 1047 1260 1093 Phoebo,

252 1123 377 1160 pauca
406 1109 503 1148 mihi
532 1112 673 1149 doctae
703 1110 822 1149 dieite
852 1110 1074 1160 Pegasides.
1264 1080 1378 1123 l

200 1174 328 1213 uictor
355 1176 478 1222 adest,
509 1174 641 1225 magni
671 1188 858 1225 magnum
888 1177 1010 1215 decus
1040 1188 1133 1214 ecce
1162 1175 1361 1226 triumphi,

254 1239 391 1287 uictor,
423 1252 501 1289 qua
526 1246 649 1278 terrae
678 1252 836 1289 quaque
865 1246 1001 1289 patent
1030 1239 1160 1286 maria,

199 1303 356 1343 horrida
385 1303 610 1343 barbaricae
639 1311 799 1354 portans
829 1303 996 1354 insignia
1025 1317 1190 1354 pugnae,
1508 1318 1524 1349 5

253 1381 416 1419 magnus
446 1376 488 1407 ut
518 1368 693 1408 Oenides
723 1376 845 1418 utque
875 1369 1067 1418 superbus
1098 1370 1201 1418 Eryx
1215 1383 1226 1416 3

199 1446 272 1472 nec
301 1433 430 1480 minus
460 1433 608 1472 idcirco
637 1440 788 1471 uestros
818 1446 1045 1483 expromere
1075 1440 1212 1471 cantus

253 1498 445 1536 maximus
475 1505 513 1537 et
543 1505 699 1537 sanctos
730 1498 872 1548 dignus
902 1498 999 1536 inire
1029 1499 1181 1537 choros.

199 1563 275 1601 hoc
305 1562 438 1613 itaque
468 1562 630 1601 insuetis
660 1563 782 1601 iactor
811 1562 945 1612 magis,
977 1562 1136 1612 optime,
1169 1562 1281 1609 curis,

253 1627 349 1677 quid
379 1629 429 1666 de
459 1635 497 1666 te
526 1627 673 1678 possim
705 1627 873 1666 scribere
903 1627 1052 1677 quidue
1081 1627 1162 1666 tibi.
1485 1642 1523 1663 10

198 1704 371 1741 namque
404 1691 573 1742 (fatebor
602 1691 726 1743 enim)
755 1705 856 1741 quae
887 1691 1056 1729 maxima
1085 1690 1309 1730 deterrendi

253 1755 400 1804 debuit,
433 1756 618 1796 hortandi
648 1756 818 1794 maxima
847 1770 964 1795 causa
993 1756 1074 1794 fuit.

200 1833 326 1870 pauca
354 1828 421 1859 tua
450 1820 490 1858 in
520 1828 672 1860 nostras
702 1828 895 1860 uenerunt
925 1820 1099 1859 carmina
1128 1821 1291 1867 chartas,

241 1923 336 1956 VIII.
365 1935 383 1954 2
408 1929 476 1954 turn
495 1923 660 1955 Schrader
767 1935 788 1965 4
811 1924 927 1955 tricius
944 1924 1000 1955 Ar
1129 1935 1148 1963 5
1175 1924 1235 1954 Csc.
1255 1923 1353 1954 Fam.
1368 1921 1466 1952 XIII.
1485 1923 1528 1952 68

203 1968 354 1998 ‘Curabo
382 1968 601 2008 inprimisque
629 1967 749 1999 tuebor
776 1973 906 2008 patrem
935 1969 1048 1998 tuum⁷
1073 1967 1110 1997 ib.
1129 1977 1171 2006 30
1198 1967 1342 1998 ‘Omnia
1369 1966 1441 1996 eius
1469 1965 1527 1995 tibi

200 2011 402 2042 commendo
434 2012 651 2051 inprimisque
682 2011 790 2050 ipsum
822 2011 949 2041 uirum'
1041 2011 1075 2041 in
1103 2011 1291 2050 primisque
1318 2009 1398 2040 Ald.
1421 2017 1529 2046 1517:

201 2054 382 2094 primisque
399 2054 487 2085 codd.
652 2056 673 2085 6
698 2056 879 2095 eremonsa
901 2054 935 2084 Β

245 2097 305 2128 ΙΧ.
335 2109 349 2129 1
376 2097 564 2138 incognita]
590 2097 698 2137 ignita
723 2097 756 2128 Β
912 2107 931 2137 3
956 2097 1065 2128 uictor
1091 2098 1188 2127 adest
1218 2096 1273 2126 B:
1308 2095 1448 2126 uictoria
1477 2100 1529 2125 est

202 2139 243 2169 M
264 2141 319 2171 Ar
343 2151 364 2171 ιι
392 2140 480 2172 Med.
583 2141 752 2180 triumpho
784 2140 846 2171 Mu
1007 2151 1026 2178 4
1059 2139 1279 2188 qusaqueB,
1304 2139 1401 2179 prius
1414 2138 1533 2187 sufrat

201 2194 381 2259 2u5ffl33.:
419 2184 811 2258 ευςίἔεξὸἦῗῃῖέίιάεε
836 2185 982 2257 Delr6ioezt
1000 2182 1429 2264 {indiiidesoiinieSC-ffzi'czff
1433 2182 1530 2264 1212?

202 2270 267 2300 th.
295 2270 319 2300 1.
344 2271 512 2312 942-952)
536 2270 737 2312 Hem'zberg:
760 2271 843 2309 fort.
861 2270 1011 2309 Aegides
1035 2271 1066 2300 le.
1086 2281 1110 2300 e.
1138 2269 1277 2300 Theseus
1455 2278 1471 2306 7
1498 2268 1530 2298 id

202 2313 293 2344 circo
316 2314 375 2344 Ar
504 2319 640 2346 nostros
664 2325 709 2346 u:
739 2313 843 2345 festos
873 2313 1006 2353 Maelzly
1184 2324 1223 2344 10
1250 2312 1340 2352 quod
1365 2311 1423 2342 Ar
1441 2311 1527 2342 Med.

201 2356 341 2397 quidue]
360 2358 450 2397 quod
466 2368 508 2388 ue
525 2357 581 2388 Αν
1007 2368 1011 2371 ’
