1820 2802
650 481 1077 529 PRAEFATIO

251 618 440 657 SERvivs¹
457 618 497 657 in
512 619 805 668 Prolegomenis
818 620 869 658 ad
882 618 1115 666 Aeneidem,
1131 625 1342 669 postquam
1356 618 1533 669 Vergilio

194 682 417 732 adsignauit
449 683 689 734 epigramma
709 682 749 721 in
772 683 974 721 Ballistam
994 685 1187 722 latronem
1214 684 1350 721 lllonte
1372 684 1440 722 sub
1465 684 1531 721 hoc

195 748 370 796 lapidtmz
405 749 547 797 tegitur
581 749 757 786 Ballista
796 750 974 797 sepultus,
1019 749 1138 786 Nocte
1170 749 1229 786 die
1263 753 1387 785 tutum
1421 754 1530 797 carpe

196 813 329 850 uiator
346 813 429 859 iter,
452 814 549 851 haec
570 813 704 851 addit:
734 814 887 862 scripsit
904 814 1018 850 etiam
1043 818 1178 862 septem
1203 814 1284 850 siue
1312 818 1388 851 octo
1414 813 1529 851 libros

195 877 261 914 llos
287 890 300 913 .·
337 877 452 915 Cirin
483 878 651 914 Aetnam
683 877 846 915 Culicem
870 878 1041 926 Priapea
1071 878 1296 926 Catalepton
1320 878 1530 927 Epigram-

196 947 302 978 mata
336 942 482 990 Copam
502 942 642 979 Diras.
703 941 782 979 Vbi
814 942 923 990 quod
948 940 1146 980 dubitauit
1178 948 1329 992 septem
1357 955 1407 980 an
1438 949 1533 980 octo

194 1005 281 1044 libri
315 1014 446 1044 essent
478 1019 558 1044 non
598 1019 687 1044 eum
724 1007 843 1044 credo
877 1007 1044 1044 Aetnam
1079 1006 1308 1057 respexisse,
1343 1007 1393 1045 de
1438 1020 1527 1056 qua,

195 1078 294 1109 teste
317 1072 478 1109 Donato
510 1070 593 1109 siue
624 1070 755 1121 potius
777 1070 978 1118 Suetonio,
1001 1070 1274 1121 ambigebatur
1304 1084 1399 1109 num
1427 1078 1528 1110 esset

195 1134 356 1184 Vergilii
371 1149 381 1183 5
410 1134 603 1173 incertum
633 1135 764 1185 potius
795 1136 1027 1182 habuerunt,
1052 1143 1094 1174 ut
1124 1135 1368 1175 Sabbadinio
1399 1135 1527 1174 uisum

195 1207 265 1246 est,
298 1199 472 1250 Priapea‚
506 1200 755 1250 Catalepton‚
790 1200 1095 1250 Epigrammata,
1128 1200 1222 1247 siue,
1255 1207 1296 1238 ut
1329 1200 1392 1239 hic
1422 1199 1527 1239 idem

195 1271 332 1303 auctor
379 1272 448 1312 est,
491 1265 727 1315 Catalepton
784 1264 919 1303 titulus
962 1264 1185 1303 communis
1231 1264 1312 1311 fuit,
1366 1264 1530 1315 Priapea

195 1328 489 1378 Epigrammata
515 1328 617 1367 tituli
644 1329 858 1379 singulares
874 1344 884 1376 ,-
913 1329 995 1368 siue
1027 1329 1103 1367 alio
1134 1343 1214 1379 quo
1247 1330 1367 1368 modo
1396 1342 1437 1368 se
1469 1342 1530 1367 res

194 1392 344 1440 habuit,
371 1394 421 1431 de
451 1407 531 1443 quo
561 1407 642 1431 non
672 1393 736 1431 hic
767 1401 879 1432 uacat
910 1393 1120 1443 disputare.

245 1459 380 1496 Altera
406 1458 889 1508 pseudo-Vergilianorum
910 1458 1128 1497 carminum
1151 1458 1268 1497 series
1299 1459 1465 1498 habetur
1486 1459 1525 1497 in

194 1523 342 1562 Donati
386 1523 468 1561 uita
512 1522 672 1572 Vergilii
719 1523 772 1573 (p.
819 1526 867 1573 58
901 1523 1302 1562 Reifferscheidianae
1341 1523 1526 1562 editionis

192 1587 371 1626 Suetonii
394 1587 682 1637 Reliquiarum)
704 1588 771 1637 qui
798 1595 887 1637 post
916 1587 1115 1627 distichon
1143 1588 1184 1626 in
1204 1587 1407 1626 Ballistam
1428 1590 1526 1627 haec

192 1652 312 1691 adicit
333 1653 546 1702 opuscula:
576 1653 707 1690 deinde
726 1655 935 1702 catalepton
956 1658 992 1690 et
1000 1653 1167 1702 priapea
1194 1658 1232 1690 et
1247 1654 1524 1703 epigrammata

191 1725 228 1756 et
244 1719 364 1765 diras,
381 1719 467 1756 item
484 1719 591 1756 cirim
612 1724 648 1756 et
658 1720 817 1764 culicem,
833 1732 916 1756 cum
936 1723 1029 1756 esset
1052 1732 1243 1756 annorum
1277 1720 1393 1765 XVI,
1420 1720 1526 1757 cuius

192 1784 357 1821 materia
396 1784 487 1821 talis
524 1788 608 1820 est:
640 1787 783 1832 pastor
806 1782 1006 1832 fatigatus
1045 1788 1150 1821 aestu
1183 1796 1265 1821 cum
1291 1784 1360 1821 sub
1390 1784 1525 1821 arbore

191 1849 459 1886 condormisset
487 1853 524 1886 et
551 1854 702 1897 serpens
731 1850 786 1885 ad
815 1849 926 1887 illum
941 1853 1167 1898 proreperet
1192 1861 1209 1885 e
1229 1849 1384 1897 palude,
1417 1850 1526 1886 culex

182 1913 414 1962 prouolauit
449 1918 560 1961 atque
598 1913 700 1950 inter
730 1913 805 1950 duo
844 1918 1012 1962 tempora
1043 1915 1212 1950 aculeum
1231 1912 1336 1961 fixit
1355 1915 1522 1962 pastori.

193 1982 239 2015 at
266 1979 329 2016 ille
362 1978 538 2015 continuo
570 1978 717 2015 culicem
749 1978 910 2016 attm'm‘t
945 1983 982 2015 et
1015 1983 1222 2027 selpentem
1261 1978 1454 2015 interemit
1481 1991 1527 2015 ac

191 2043 430 2092 sepulchrum
468 2043 579 2081 culici
611 2043 751 2081 statuit
787 2048 824 2080 et
858 2043 1043 2080 distichon
1065 2042 1171 2091 fecit.
1233 2044 1358 2080 Parue
1397 2043 1523 2081 culex.

192 2108 391 2158 pecudum
412 2114 544 2145 custos
566 2107 636 2144 tibi
658 2108 734 2145 tale
755 2106 920 2145 merenti
942 2105 1105 2145 Funeris
1130 2105 1302 2145 officium
1324 2105 1427 2144 uitae
1450 2119 1521 2155 pro

192 2185 355 2211 munere
389 2172 528 2211 reddit.
588 2173 752 2221 Scripsit
775 2173 888 2210 etiam
922 2173 966 2209 de
993 2185 1071 2221 qna
1101 2172 1311 2220 ambigitur
1338 2172 1517 2209 Aetnam.

192 2237 255 2275 Ab
283 2238 357 2275 hac
382 2236 480 2275 serie
499 2237 612 2275 abest
637 2238 755 2286 Copa,
775 2244 814 2274 at
840 2237 1036 2274 Alei-etum
1057 2237 1108 2275 ab
1130 2243 1293 2286 utraque
1313 2250 1322 2282 ,ε
1353 2248 1454 2285 quae
1489 2235 1520 2273 si

233 2340 247 2360 1
270 2339 355 2371 Vide
369 2339 642 2371 dissertationem
662 2339 805 2370 Henrici
825 2339 1018 2379 Nettleship
1032 2341 1039 2356 ⁴
1053 2338 1204 2370 Ancient
1223 2338 1322 2370 Lives
1339 2338 1498 2377 ofVergil
1511 2339 1520 2351 ’

192 2383 318 2414 Oxonii
334 2383 531 2423 impressam
547 2393 638 2413 anno
658 2384 749 2422 1879.

850 2452 872 2474 v
