1820 2802
336 142 639 180 MAECENAS

762 725 926 763 SIGLA
965 724 1229 764 CODICVM

388 828 422 861 B
438 841 473 855 =
492 827 737 862 Bruxellensis
761 829 883 872 10675‚
909 829 1063 863 collatus
1091 829 1138 862 ab
1165 829 1272 862 Aem.
1300 829 1440 863 Grosse
1468 827 1503 861 in

566 885 794 920 Fleckeiseni
813 886 947 920 Annal.
969 886 1098 920 Philol.
1121 886 1220 930 1869,
1241 897 1273 930 p.
1289 886 1357 928 278
1499 895 1595 921 saec.
1613 885 1660 919 xii

393 944 427 977 P
442 958 476 972 =
496 943 609 979 Paris.
633 944 746 988 16236
764 955 824 979 uu.
850 953 936 988 1—43
956 944 1148 978 continens
1623 943 1658 976 xi

539 1002 704 1037 Collatus
729 1008 785 1037 est
811 1014 832 1036 a
859 1002 1092 1037 Chatelainio
1114 1004 1242 1036 Revue
1257 1003 1301 1036 de
1318 1001 1538 1047 Philologie‚

568 1062 669 1104 1880,
689 1072 723 1106 p.
745 1062 789 1095 80

376 1118 427 1152 M
440 1134 473 1146 =
493 1117 719 1153 Mellicensis
738 1130 795 1153 uu.
817 1127 903 1162 1—25
924 1118 1128 1163 continens,
1147 1118 1301 1153 collatus
1319 1129 1341 1152 a
1361 1118 1495 1152 Carolo

565 1176 728 1211 Schenkl
1626 1174 1660 1208 xi

363 1234 428 1268 Ar
442 1249 475 1262 =
493 1234 766 1269 Arundelianus
789 1244 852 1278 133
874 1234 994 1270 Musei
1017 1233 1219 1269 Britannici
1614 1244 1660 1266 xv

404 1306 423 1326 υ
439 1308 474 1321 =
491 1293 574 1327 Vat.
596 1293 688 1336 3269

399 1352 428 1394 φ
446 1366 478 1377 =
498 1350 739 1395 Phillippicus
759 1352 849 1394 7283
1615 1360 1660 1382 XV

403 1424 426 1454 χ
444 1424 477 1436 =
497 1409 603 1443 Bodl.
622 1410 727 1443 Auct.
747 1409 788 1443 F.
807 1419 839 1451 4.
859 1409 901 1442 28
921 1407 1080 1453 (Madan
1101 1406 1220 1452 8863).
1274 1408 1407 1442 Fuerat

492 1467 501 1484 ⁴
516 1467 612 1501 Petri
635 1466 751 1501 Seruii
770 1466 901 1501 medici
917 1466 924 1480 ‘

378 1566 460 1599 Hos
478 1575 620 1607 omnes,
637 1570 781 1608 praeter
795 1564 1061 1606 Mellicensem‚
1079 1563 1156 1608 ipse
1170 1563 1292 1598 denuo
1306 1561 1460 1597 excussi.
1511 1563 1579 1596 Est
1598 1561 1658 1596 ubi

328 1624 504 1658 lectiones
524 1622 635 1657 citaui
660 1622 815 1657 aliorum
835 1622 1018 1665 codicum,
1037 1622 1137 1656 uelut
1164 1621 1412 1665 Rehdigerani
1443 1622 1480 1655 S.
1504 1630 1531 1654 1.
1548 1620 1583 1654 6.
1606 1627 1658 1661 17.

330 1681 557 1716 Mellicensis
584 1681 829 1725 collationem,
850 1692 871 1714 a
889 1688 993 1725 patre
1020 1692 1089 1715 suo
1111 1680 1258 1723 factam,
1277 1679 1377 1714 misit
1404 1679 1451 1714 ad
1478 1690 1537 1713 me
1565 1677 1658 1712 filius

332 1741 380 1776 H.
401 1740 574 1775 Schenkl.
