1820 2802
1222 177 1509 214 MORETVM

187 291 344 334 pectore
374 285 462 331 lata,
493 284 624 323 iacens
655 285 850 333 mammis,
880 285 1139 335 compressior
1167 286 1269 332 aluo,

186 348 362 387 cruribus
392 349 511 396 exilis,
543 349 714 399 spatiosa
744 350 907 400 prodiga
936 351 1079 400 planta.
1472 366 1512 398 35

122 413 128 446 ι’
185 411 402 466 [continuis
431 413 537 452 rimis
568 415 752 452 calcanea
781 414 900 453 scissa
929 413 1136 471 rigebant]
1207 414 1209 419 ’

186 479 288 516 hanc
316 485 431 517 vocat
459 486 578 528 atque
607 491 738 517 arsura
768 479 864 517 focis
895 478 1098 529 imponere
1127 479 1231 529 ligna

182 542 348 592 imperat
377 550 415 581 et
444 544 603 581 flamma
630 543 781 593 gelidos
810 545 969 582 adolere
998 543 1180 593 liquores.

238 609 454 657 Postquam
483 607 661 658 impleuit
690 621 789 657 opus
820 608 966 645 iustum
996 608 1178 646 uersatile
1208 609 1339 655 finem,

182 673 361 711 transfert
390 672 483 711 inde
512 685 633 710 manu
653 673 756 710 fusas
787 671 826 709 in
857 671 983 710 cribra
1012 672 1153 710 farinas
1471 690 1514 720 40

180 745 219 776 et
248 737 384 787 quatit,
415 751 461 775 ac
490 744 694 776 remanent
723 750 879 775 summo
908 737 1139 787 purgamina
1166 739 1294 776 dorso.

182 802 350 841 subsidit
380 802 530 841 sincera
558 802 896 853 foraminibusque
926 802 1096 853 liquatur

181 868 396 905 emundata
416 867 546 906 Ceres.
606 867 684 905 leui
713 874 796 905 tum
827 866 1005 916 protinus
1035 867 1140 904 illam

180 931 384 981 componit
413 932 558 979 tabula,
590 932 743 982 tepidas
773 945 889 982 super
918 931 1057 981 ingerit
1087 933 1225 979 undas,

180 997 375 1035 contrahit
404 996 596 1036 admixtas
627 1010 733 1035 nunc
763 998 922 1036 frondes
952 1005 1071 1047 atque
1100 997 1270 1036 farinas:
1469 1014 1509 1047 45

180 1068 416 1100 transuersat
445 1063 584 1100 durata
613 1075 744 1109 manu,
776 1061 1007 1112 liquidoque
1037 1070 1176 1101 coacto

180 1126 377 1165 interdum
406 1140 564 1176 grumos
595 1126 737 1177 spargit
767 1128 856 1173 sale,
889 1126 1047 1177 iamque
1078 1127 1286 1166 subactum

225 1241 266 1271 34
290 1235 428 1271 pectore
452 1229 546 1261 MG:
579 1236 717 1270 pectora
735 1229 860 1261 BPSE
879 1229 950 1261 Cat.
977 1234 980 1236 “
1064 1231 1275 1270 conplessior
1298 1231 1318 1261 lt
1470 1241 1512 1271 35

181 1274 292 1305 exiliis
319 1273 358 1311 S,
385 1277 414 1304 et
440 1272 480 1303 M
506 1285 550 1304 m.
578 1278 642 1313 pr..
676 1277 712 1304 ut
736 1273 873 1312 uidetur,
902 1284 990 1304 nunc
1014 1272 1106 1304 lmbet
1131 1274 1229 1305 exilis
1372 1274 1512 1315 prodiga

181 1316 290 1348 PSG:
326 1317 479 1357 prodigia
510 1316 626 1348 BEF:
660 1317 816 1360 prodigia
847 1320 869 1347 Γ
887 1329 894 1346 :
932 1317 1095 1357 prodigsa
1138 1317 1170 1347 V
1191 1318 1250 1356 qui
1278 1328 1414 1348 uersum
1444 1329 1510 1350 om.

180 1362 215 1391 in
242 1364 340 1398 textu,
365 1360 461 1391 habet
485 1359 574 1400 infra
606 1360 769 1391 adtectum
916 1361 1049 1400 plantae
1080 1362 1114 1400 (e
1140 1361 1177 1400 lt)
1196 1360 1238 1390 M
1261 1371 1307 1391 m.
1337 1371 1393 1392 sec.
1420 1365 1449 1392 et
1478 1362 1510 1398 Ιι,

179 1405 213 1435 in
237 1415 303 1444 quo
325 1404 424 1434 etiam
448 1404 608 1443 spatiose.
657 1404 740 1435 Post
754 1413 795 1443 35
812 1404 959 1443 sequitur
972 1404 1005 1434 in
1029 1403 1090 1434 Veh
1114 1403 1336 1444 Tragurtensi,
1357 1415 1422 1435 non
1438 1405 1514 1435 item

180 1449 214 1478 in
237 1447 423 1485 Telleriano,
437 1446 604 1477 continuis
622 1447 714 1478 rimis
733 1448 888 1478 calcanea
905 1447 1009 1478 scissa
1029 1447 1121 1487 (fissa
1138 1448 1172 1485 lc)
1193 1447 1354 1486 rigebant,
1372 1459 1468 1488 quem
1480 1459 1511 1479 τι.

179 1492 284 1522 tuitus
313 1494 359 1521 est
387 1489 573 1530 Hertzbeig,
602 1491 747 1531 plerique
775 1491 1008 1530 interpolatum
1039 1490 1180 1522 credunt.
1240 1490 1281 1521 In
1313 1490 1346 1520 Β
1375 1491 1514 1522 eundem

180 1544 305 1565 manus
333 1534 481 1564 recentior
504 1533 618 1564 multis
647 1534 783 1565 saeculis
801 1538 878 1574 post
899 1538 1073 1564 exaratum
1098 1533 1233 1565 codicem
1257 1535 1376 1574 intulit,
1401 1535 1458 1566 sed
1479 1540 1516 1566 nt

181 1578 324 1608 scriberet
354 1577 528 1608 scalcanea
685 1587 725 1616 37
752 1578 829 1616 imp.
855 1577 980 1607 BMG:
1016 1578 1081 1616 inp.
1107 1576 1136 1607 S
1303 1580 1345 1616 38
1369 1579 1514 1618 imperat

180 1620 316 1652 BMSP
402 1619 556 1660 adolere]
571 1619 692 1651 bullire
704 1620 869 1650 Ribbeckii
881 1619 1090 1651 Illonacenses
1108 1624 1170 1651 tres
1185 1624 1214 1650 et
1230 1620 1484 1652 Vindobonenszs
1497 1622 1518 1652 I

179 1674 222 1704 39
245 1674 330 1704 opus
348 1674 415 1694 om.
434 1662 560 1693 BFSE
647 1664 735 1694 iusto
753 1689 759 1695 .
780 1687 787 1694 .
810 1688 816 1694 .
835 1664 902 1694 fine
914 1663 986 1693 MP
1071 1664 1132 1694 sed
1149 1674 1180 1703 p.
1198 1664 1218 1695 i.
1239 1665 1360 1695 iustum
1373 1669 1513 1704 9ptr‘s‘u.

181 1708 282 1738 finem
304 1707 340 1747 V,
357 1711 394 1737 nt
408 1707 468 1737 sed
485 1710 575 1737 extra
592 1707 713 1737 lineam
731 1712 810 1738 esset
897 1718 939 1746 40
962 1707 1120 1737 transfert
1133 1706 1292 1737 MPVrG
1307 1719 1314 1738 z
1332 1709 1512 1739 transferat

180 1750 324 1782 BFSE:
348 1750 526 1781 transserit
552 1750 576 1780 d
690 1750 784 1791 inde]
815 1750 871 1780 illa
897 1751 938 1787 P,
967 1751 1000 1780 in
1028 1750 1097 1781 Cat.
1213 1761 1334 1782 manus
1363 1752 1432 1783 Cat.
1459 1752 1515 1782 I'G

181 1800 274 1825 tusas
293 1793 394 1834 Sillzg
509 1803 547 1832 41
574 1804 612 1824 ac
626 1793 731 1824 SGd:
755 1794 841 1834 hanc
858 1793 890 1823 B
907 1805 913 1823 :
938 1792 1262 1833 hacMm.j>r.‚post
1276 1805 1314 1825 ac
1330 1806 1337 1825 ε
1362 1795 1444 1825 haec
1462 1795 1514 1826 P:

180 1843 213 1869 et
233 1837 301 1868 Cat.
321 1848 336 1867 c
493 1847 534 1875 42
558 1837 647 1867 lzunc
661 1848 693 1868 u.
714 1838 846 1877 respexit
862 1838 999 1877 scriptor
1013 1836 1050 1867 de
1067 1837 1256 1867 nominibus
1272 1838 1461 1868 utensilium
1479 1840 1513 1869 i11

179 1881 245 1912 cod.
262 1879 472 1911 Bodl.Rawl.
488 1880 525 1911 G.
541 1891 594 1919 99,
609 1885 645 1920 p.
662 1882 709 1911 16.
738 1886 745 1896 ⁴
758 1881 975 1911 Postmodum
990 1891 1009 1911 a
1026 1881 1113 1911 mola
1129 1891 1269 1919 granum
1284 1882 1464 1921 constringi
1482 1887 1515 1913 et

182 1924 320 1955 dissolui
338 1928 372 1954 et
388 1924 591 1954 sinceratum
609 1924 830 1954 foraminibus
848 1924 946 1954 cribri
965 1923 1127 1963 eliquari.⁷
1185 1924 1247 1955 sub
1264 1924 1342 1955 sidit
1358 1924 1391 1954 Β
1406 1936 1412 1955 z
1438 1926 1513 1956 sub-

180 1969 267 1998 sedit
284 1966 340 1997 PG
449 1967 578 1997 sincere
596 1967 721 1997 BEFG
736 1971 765 1997 et
778 1977 856 1998 corr.
877 1971 899 1997 Γ
917 1979 923 1998 :
948 1968 1100 1998 scincere
1116 1967 1141 1997 d
1268 1977 1310 2006 43
1334 1970 1514 2000 emundata

179 2011 267 2042 PGd
286 2010 381 2050 Trag.
397 2021 404 2042 ε
431 2011 611 2041 emundata
627 2011 837 2051 suprascript.
855 2016 959 2050 impr.
977 2010 993 2040 Ῐ
1009 2021 1083 2041 men
1102 2009 1161 2040 M:
1186 2011 1364 2042 emendata
1383 2011 1515 2044 BEFS.

181 2059 208 2086 et
216 2060 268 2095 pr.
285 2057 318 2093 Γ,
334 2054 391 2084 sed
402 2064 480 2085 corr.
494 2058 527 2084 et
540 2054 700 2084 mundata
776 2058 856 2085 tunc
870 2058 892 2084 Γ
907 2055 976 2086 Cat.
1061 2055 1149 2084 illam
1165 2054 1209 2085 G:
1227 2055 1282 2084 illa
1291 2054 1514 2086 BFPSEMP

348 2106 365 2123 0

180 2142 222 2170 44
256 2141 355 2170 comp
371 2131 421 2161 nit
451 2129 484 2160 Β
629 2140 671 2169 45
705 2141 771 2161 om.
806 2130 855 2160 rd
975 2130 1141 2161 admixtas
1172 2129 1420 2161 BFMPSVE:
1458 2132 1514 2162 ad-

181 2175 285 2215 mix(s
299 2174 445 2211 Cat.)t0s
464 2173 492 2204 G
510 2173 580 2205 Cat.
684 2184 772 2204 nunc
796 2172 1043 2203 BFMPSGE:
1068 2178 1137 2203 tum
1157 2173 1189 2202 V
1202 2173 1299 2214 Trag.
1402 2174 1514 2205 fontes

182 2217 252 2249 MG
268 2217 364 2257 Trag.
383 2229 390 2248 ε
414 2217 560 2248 sontetes
580 2217 642 2248 Cat
668 2228 674 2247 z
700 2217 837 2247 frondes
861 2215 1049 2247 BFVPSE
1136 2217 1285 2247 admixta
1302 2227 1388 2247 nuce
1405 2217 1515 2248 fontes

180 2272 211 2292 a.
226 2261 248 2292 s.
267 2259 444 2299 Baehrens,
460 2260 551 2300 quod
574 2261 683 2300 recepit
707 2260 802 2290 Ribb.
850 2270 907 2300 ego
934 2260 1070 2290 frondes
1098 2260 1228 2297 retinui,
1246 2264 1331 2300 puta
1354 2261 1446 2292 lauri
1466 2261 1520 2292 uel

180 2303 343 2335 similium
360 2304 582 2343 quaesarinae
597 2303 854 2334 admiscerentur
865 2313 929 2343 quo
941 2303 1073 2343 gratior
1085 2309 1186 2343 sapor
1198 2303 1344 2334 euaderet
1474 2306 1517 2344 46

182 2353 277 2378 trans
294 2352 408 2378 uersat
425 2347 456 2377 Β
560 2347 725 2386 duratque
741 2345 902 2377 Heinsius
1011 2357 1129 2377 manus
1149 2347 1220 2378 Cat.
1330 2353 1445 2379 coacta
1464 2347 1493 2378 S
1509 2360 1515 2379 :

176 2395 254 2432 post
270 2396 388 2422 coacto
405 2390 651 2431 interpungebat
664 2390 837 2421 Buecheler
943 2400 983 2429 47
1009 2400 1146 2429 grumos
1162 2389 1339 2421 BFSEGI*
1354 2403 1361 2422 :
1385 2392 1514 2431 gremio

184 2433 279 2464 MP:
312 2444 429 2473 grumo
453 2433 523 2465 Cat.
555 2433 652 2474 Trag.
682 2438 710 2464 et
736 2434 780 2465 sic
805 2433 1009 2464 Pamlzasius
1113 2434 1174 2464 sub
1200 2439 1309 2465 actum
1331 2434 1364 2464 Β
