1820 2802
311 108 615 150 MAECENAS

313 235 352 266 25
415 219 558 259 arbiter
588 219 671 271 ipse
701 220 782 259 fui:
826 219 934 259 uolui
964 221 1073 270 quod
1103 219 1266 271 contigit
1295 233 1390 268 esse,

471 292 608 337 pectus
638 298 743 324 eram
772 297 863 323 uere
892 284 1060 335 pectoris
1089 284 1173 336 ipse
1202 284 1268 324 tui.
1578 299 1640 334 170

417 349 509 389 uiue
538 349 616 397 diu,
650 350 703 388 mi
733 362 820 388 care
849 362 979 398 senex,
1011 357 1100 400 pete
1130 349 1257 389 sidera
1286 363 1396 389 sero:

471 422 530 453 est
559 427 658 465 opus
689 415 765 453 hoc
794 413 913 461 terris,
945 421 984 453 te
1013 427 1173 465 quoque
1201 415 1303 453 uelle
1331 415 1456 454 decet.

418 487 456 518 et
485 478 556 518 tibi
586 486 834 517 succrescant
863 478 1026 518 iuuenes
1056 478 1115 518 bis
1146 480 1314 518 Caesare
1343 479 1463 530 digni,

322 560 365 591 30
474 551 512 583 et
542 544 697 582 tradant
726 556 842 593 porro
873 543 1051 583 Caesaris
1081 557 1206 594 usque
1234 557 1369 593 genus.

418 609 488 648 sed
517 607 589 647 tibi
618 607 666 646 sit
696 621 812 647 curae
841 621 961 658 quam
991 607 1160 659 primum
1192 608 1305 647 Liuia
1334 607 1516 648 coniunx.
1579 623 1639 658 175

471 674 625 725 expleat
653 672 786 712 amissi
817 686 979 712 munera
1007 681 1120 723 rupta
1147 687 1276 723 gener.

417 752 486 777 cur
515 740 612 778 deus
642 737 682 777 in
713 738 851 777 terris?
898 738 1001 777 diuis
1031 737 1194 789 insignis
1224 738 1350 786 amitis,

472 811 510 842 te
538 805 676 842 Venus
701 804 740 842 in
771 802 922 854 †patrio
952 804 1120 842 collocet
1149 802 1233 854 ipsa
1263 802 1362 843 sinu.

358 909 418 946 169
433 908 504 948 (25)
529 906 654 938 arbiter
681 906 807 947 Βυφχε
839 906 986 938 arbitror
1012 906 1069 936 Ar
1177 905 1285 937 uoluit
1309 905 1423 938 codd.:
1452 905 1540 938 uolui
1558 906 1637 938 Αἶά.

314 960 394 989 1517
534 950 640 991 quod]
660 960 725 989 que
741 957 766 989 ψ
781 961 787 981 :
813 950 896 989 fort.
918 949 1010 980 uolui
1028 960 1093 990 quo
1110 950 1251 990 contigit
1268 949 1335 981 isse
1480 960 1537 989 171
1567 950 1640 989 (27)

311 994 355 1024 mi
377 1003 454 1025 care
477 1003 596 1034 senex,
623 993 832 1034 Meibomms,
861 993 1019 1024 Ribbeck:
1053 993 1096 1024 mi
1125 1003 1212 1033 care,
1243 1003 1352 1025 senex
1379 992 1492 1025 Riese:
1518 993 1642 1025 micare

310 1036 343 1067 Β
372 1037 570 1067 coniunctim
733 1047 812 1068 sero
842 1042 941 1077 super
971 1047 1128 1068 rasuram
1161 1036 1194 1067 Β
1365 1047 1426 1076 173
1456 1038 1525 1077 &²9)
1566 1037 1642 1068 sub-

310 1085 466 1111 crescant
483 1092 506 1120 χ
551 1080 617 1123 bis]
636 1080 688 1112 uis
705 1091 729 1120 χ
822 1090 882 1120 175
902 1080 974 1121 ς31)
999 1080 1059 1111 sed
1071 1080 1129 1111 tibi
1141 1080 1184 1111 sit
1196 1090 1295 1111 curae
1308 1081 1441 1121 scripsi:
1466 1080 1510 1111 sit
1523 1090 1642 1112 secura

309 1123 370 1154 tibi
386 1123 419 1154 Β
434 1123 510 1154 Ar:
533 1124 594 1155 sed
612 1124 672 1155 tibi
688 1134 809 1155 secura
825 1130 893 1164 υφχ
983 1134 1081 1164 quam
1098 1124 1130 1155 Β
1145 1134 1154 1154 2
1178 1134 1252 1154 curn
1269 1123 1343 1156 Ar:
1368 1124 1458 1164 quod
1475 1129 1499 1163 φ
1515 1134 1522 1154 :
1545 1134 1610 1163 quo
1626 1135 1643 1153 υ

314 1177 372 1206 177
391 1167 461 1207 (33)
487 1177 547 1198 cur
561 1167 690 1208 scripsi:
716 1178 791 1198 cum
808 1167 894 1199 codd.
915 1180 920 1198 t
960 1172 1028 1198 tum
1051 1166 1251 1207 Wernsa'otf
1353 1167 1491 1198 intersis
1508 1166 1644 1198 Ribbeck

306 1214 384 1250 post
400 1211 499 1242 terris
514 1221 623 1242 erasae
638 1214 718 1241 sunt
734 1210 820 1242 duae
834 1211 955 1242 litterae
970 1210 1003 1241 in
1020 1210 1052 1241 Β
1236 1210 1335 1242 auitis
1352 1209 1441 1242 codd.
1455 1214 1586 1250 practer
1598 1222 1622 1249 χ
1637 1222 1642 1240 :

312 1258 345 1284 et
369 1254 476 1285 austis
501 1266 535 1294 χ,
562 1253 651 1285 unde
673 1254 774 1286 astris
797 1254 876 1286 coni.
905 1254 1143 1293 Burmannus,
1170 1253 1207 1294 cf.
1233 1253 1330 1286 Herc.
1348 1254 1415 1285 Oet.
1437 1264 1529 1293 1575,
1550 1263 1642 1294 1952,

311 1296 543 1329 Frica'lacndcr
557 1297 604 1328 ad
617 1297 718 1329 Mart.
741 1297 801 1329 IX.
823 1306 880 1329 101
899 1298 964 1337 fin.
1029 1298 1089 1337 178
1116 1298 1191 1338 (34)
1219 1297 1329 1337 patrio
1346 1296 1461 1328 codd.:
1484 1297 1530 1328 sic
1543 1297 1641 1327 etiam

311 1340 500 1382 Ascensius,
535 1340 690 1382 Scaliger,
725 1341 894 1379 Pithoeus,
926 1340 1142 1372 Meibomins:
1184 1341 1322 1381 proprio
1353 1340 1501 1381 Ribbeck,
1537 1340 1640 1378 Riese,

310 1384 480 1416 Baehrens
567 1384 639 1424 ipsa
655 1384 732 1424 Βυχ
750 1397 756 1415 ;
780 1384 867 1415 alma
878 1384 934 1414 Ar

355 1453 446 1476 1³1le
470 1454 567 1475 ΑΜΕΝ
592 1453 681 1476 LAVS
704 1453 771 1476 1)Εο
796 1453 954 1475 MECENAS
979 1453 1137 1476 MARONIS
1162 1454 1320 1477 ExPL1c1T
1330 1448 1494 1485 praeterea
1510 1449 1593 1484 φινις
1608 1444 1643 1474 in

310 1488 442 1519 sinistro
459 1488 619 1529 margine,
640 1492 740 1518 τελως
756 1488 790 1519 in
808 1487 919 1519 dextro
935 1499 960 1528 χ
1043 1497 1137 1519 Fxms
1154 1489 1301 1520 miniatis
1317 1488 1430 1519 litteris
1446 1494 1470 1528 φ
1553 1487 1643 1519 Finit

311 1532 422 1572 elegia
438 1531 577 1563 inuenta
593 1532 635 1562 ab
651 1531 757 1563 henoc
776 1532 808 1562 in
828 1531 921 1563 dacia
938 1542 955 1562 ν
1044 1532 1138 1563 nulla
1154 1533 1346 1573 subscriptio
1360 1532 1395 1563 in
1411 1532 1444 1563 Β
