1820 2802
782 161 1107 200 PRAEFATIO

278 274 394 322 longe
424 271 595 310 maxima
624 284 712 322 pars
741 270 858 309 huius
893 270 1025 321 epyllii
1052 277 1235 321 corrupta
1267 277 1309 308 ut
1341 283 1388 308 ex
1422 268 1615 319 corruptis

276 336 483 376 codicibus
517 337 638 376 ducta
667 343 989 386 repraesentetur.
1055 337 1104 374 Id
1131 336 1323 374 damnum
1350 347 1471 384 quam
1497 346 1616 384 graue

278 401 326 440 sit
353 415 400 440 ex
432 402 644 451 Cataleptis
673 400 928 439 manifestum
952 401 1022 438 fit:
1053 413 1154 450 quae
1185 399 1322 438 uitiata
1342 398 1506 449 quidem
1532 411 1615 437 non

279 465 413 516 paucis
441 465 538 505 locis
559 466 721 516 praebet
742 464 1019 512 Bruxellensss,
1048 465 1238 503 at'multo
1268 463 1471 502 uitiosiora
1497 461 1616 501 ceteri

278 530 438 569 codices
452 529 747 569 Arundelianus
767 542 781 567 1
791 543 812 579 3
818 543 850 579 3,
863 529 1165 579 Rehdigeranus
1184 543 1215 567 1.
1233 531 1267 566 6.
1283 540 1344 577 17,
1359 526 1616 566 Monacensis

283 595 422 643 18895,
456 592 771 632 Mediolanensis
799 594 846 633 Ο.
878 606 925 642 74
956 606 1039 643 sup.
1113 594 1203 631 Vna
1227 600 1381 631 tantum
1408 605 1469 631 res
1493 598 1552 630 est
1575 590 1616 629 in

279 671 357 708 qua
392 659 687 697 Bruxellensem
709 658 749 696 hi
773 657 965 708 ampliant
983 672 994 706 3
1022 671 1114 696 nam
1136 664 1225 707 post
1253 658 1378 697 Catal.
1403 657 1525 695 XIII.
1556 658 1613 703 16,

280 730 484 761 seruarunt
505 722 747 773 epigramma
767 724 877 772 quod
897 723 1009 761 abest
1029 736 1052 760 a
1073 721 1317 760 Bruxellensi
1342 721 1492 760 Callicle
1511 733 1618 770 mage

277 786 346 822 sub
369 786 433 822 lzec
455 786 551 823 caeli
572 790 628 823 est
651 785 801 823 iniuria
824 785 940 822 saecli
954 784 1142 833 Antiquis
1161 785 1291 833 hospes
1314 796 1389 820 ason
1417 783 1546 820 minor
1561 783 1618 820 in-

272 849 396 897 geniis
421 850 484 887 Et
508 862 582 898 quo
609 851 737 888 Roma
767 849 854 887 uiro
882 850 997 887 doctis
1015 854 1177 886 certaret
1192 849 1358 886 Atlzem's
1383 848 1527 886 Ferrea
1555 848 1622 884 sed

280 914 384 951 nulli
409 914 557 952 uincere
564 913 660 962 fata
684 915 815 961 datur,
839 914 908 952 sed
943 914 1021 952 hoc
1047 920 1128 951 tam
1149 913 1266 951 foede
1293 913 1554 962 deprauatum
1574 919 1617 950 ut

279 990 436 1027 prorsus
457 979 576 1017 lateat
596 978 628 1016 is
649 979 795 1028 hospes
816 978 884 1028 qui
905 991 996 1017 cum
1017 977 1186 1016 Athenis
1214 976 1374 1028 ingenio
1400 983 1617 1016 certaturus

277 1042 402 1081 fuerit.
468 1042 549 1092 Qui
573 1056 816 1094 quamquam
837 1043 877 1081 in
898 1044 975 1082 hoc
995 1049 1195 1093 praestant
1212 1043 1467 1089 Bruxellensi,
1485 1054 1617 1092 neque

277 1121 299 1145 a
332 1115 510 1158 tempore
537 1121 618 1158 quo
648 1107 781 1159 scripti
802 1115 893 1147 sunt
917 1122 1048 1158 neque
1079 1121 1102 1147 a
1128 1107 1366 1147 condicione
1395 1106 1616 1146 carminum

277 1186 368 1211 cum
395 1174 436 1210 B
465 1180 556 1211 sunt
580 1174 661 1212 ullo
688 1174 811 1213 modo
835 1173 1093 1224 comparandi
1111 1188 1121 1221 3
1160 1186 1252 1211 nam
1275 1172 1540 1211 Bruxellensis
1565 1172 1618 1211 ad

278 1238 481 1275 saeculum
520 1237 571 1275 xii
603 1237 714 1286 redit,
746 1238 865 1277 ceteri
899 1239 950 1277 ad
984 1252 1058 1277 xv:
1099 1237 1364 1277 Bruxellensis
1398 1251 1484 1276 raro
1523 1236 1615 1288 (nisi

278 1302 449 1352 excipias
506 1304 634 1354 XIII)
687 1310 768 1341 tarn
821 1310 1028 1354 corruptus
1085 1304 1137 1342 ad
1194 1316 1268 1342 nos
1315 1302 1524 1342 descendit
1574 1309 1617 1340 ut

278 1379 360 1405 non
389 1367 514 1418 possit
544 1367 811 1418 sagacioribus
838 1368 945 1407 uiam
977 1367 1127 1419 aperire
1158 1367 1453 1419 interpretandi.
1514 1368 1618 1407 Con-

277 1440 334 1471 tra
356 1432 652 1472 Arundelianus
673 1440 711 1472 et
733 1433 816 1472 eius
843 1440 1047 1473 consortes
1075 1434 1378 1483 Rehdigeranus
1402 1435 1618 1471 Monacen-

277 1497 328 1536 sis
369 1497 685 1537 Mediolanensis
726 1498 993 1548 discerptione
1031 1505 1071 1537 et
1109 1497 1365 1537 distractione
1403 1498 1617 1537 uerborum

276 1561 330 1601 ita
363 1563 648 1611 deformantur,
691 1564 793 1601 adeo
832 1569 985 1602 scatent
1023 1562 1133 1601 omni
1178 1576 1321 1614 genere
1360 1575 1535 1602 errorum
1574 1570 1617 1602 ut

276 1628 510 1677 plerumque
549 1624 690 1666 merito
724 1641 795 1678 pro
827 1627 953 1667 nihilo
987 1627 1174 1675 habendi,
1211 1642 1262 1667 ne
1289 1627 1420 1667 dicam
1458 1641 1616 1678 prorsus

274 1690 475 1731 abiciendi
510 1691 730 1731 uideantur.
806 1694 900 1732 Hoc
934 1705 1017 1732 non
1051 1694 1181 1731 solum
1215 1699 1424 1731 autumant
1450 1692 1519 1743 qui
1547 1706 1616 1732 eos

275 1763 368 1795 ante
407 1770 471 1796 me
520 1764 776 1797 excusserunt
816 1758 925 1796 uelut
966 1756 1214 1796 Ribbeckius
1255 1758 1614 1808 Baehrensiusque,

275 1822 345 1860 sed
375 1822 459 1871 ipse
490 1835 562 1871 pro
593 1835 657 1861 me
689 1822 882 1860 confirmo
912 1823 1087 1872 perlecto
1118 1821 1179 1860 bis
1212 1829 1321 1861 terue
1356 1822 1614 1870 Bruxellensi‚

274 1884 315 1923 in
355 1887 432 1924 hoc
470 1899 552 1925 uno
591 1885 851 1936 acquieuisse,
892 1886 933 1925 in
971 1885 1054 1925 istis
1096 1886 1194 1925 nihil
1229 1886 1429 1927 inuenisse
1462 1895 1616 1939 praeter

275 1950 514 2000 paucissima
543 1952 653 2001 quod
683 1964 775 1989 cum
806 1952 887 1990 ullo
916 1952 1045 1990 fructu
1080 1951 1237 1991 desumi
1265 1959 1412 2002 posset.

330 2017 409 2055 Sed
423 2017 492 2068 ‘ad
526 2015 697 2066 priorem
732 2017 908 2067 syllogen
935 2023 978 2054 ut
1005 2017 1180 2065 redeam,
1200 2018 1318 2067 longe
1343 2016 1455 2056 aliter
1481 2030 1522 2056 se
1554 2030 1614 2057 res

274 2082 405 2120 habet.
467 2081 529 2120 Ne
549 2082 719 2119 Aetnam
741 2081 904 2132 quidem
929 2081 1094 2132 excipio,
1117 2094 1361 2132 quamquam
1389 2083 1429 2120 in
1455 2082 1614 2121 duobus

273 2153 429 2184 tantum
451 2147 565 2193 MSS,
587 2146 902 2197 Cantabrigiensi
916 2145 986 2198 (C)
1005 2154 1044 2185 et
1064 2148 1284 2197 fragmento
1305 2146 1483 2186 Parisino
1504 2148 1613 2198 quod

274 2211 510 2250 stabulense
544 2210 605 2262 (S)
641 2210 794 2259 dicitur,
827 2211 944 2250 huius
976 2213 1144 2262 sylloges
1173 2211 1369 2262 particeps
1399 2220 1480 2252 est:
1519 2226 1613 2252 nam

274 2275 610 2326 Cantabrigiensis
653 2276 819 2316 Culicem
866 2283 904 2315 et
942 2278 1126 2325 Aetnam,
1171 2276 1415 2315 Stabulensis
1460 2284 1614 2328 praeter

272 2342 441 2379 Aetnam
471 2340 610 2379 habuit
630 2340 725 2379 olim
749 2341 915 2380 Culicem
941 2341 1073 2380 Diras
1093 2342 1292 2379 Moretum
1315 2342 1461 2391 Copam
1486 2343 1614 2380 Rosas

273 2407 353 2444 Est
369 2411 406 2444 et
422 2407 516 2445 Non
540 2406 673 2444 Virum
690 2407 859 2444 Bonum.
901 2407 980 2445 Sed
994 2405 1034 2443 in
1047 2407 1177 2444 Aetna
1191 2419 1238 2445 ea
1250 2406 1413 2446 materia
1428 2406 1612 2446 carminis

933 2479 956 2503 x
