1820 2802
329 155 707 194 CATALEPTON

387 265 561 305 carmina
588 278 681 304 cum
709 265 853 315 lingua,
885 271 969 302 tum
999 264 1079 302 sale
1109 262 1316 313 Cecropio,

331 330 515 377 carmina,
547 343 649 381 quae
679 329 903 379 Phrygium,
935 328 1072 368 saeclis
1101 335 1264 380 accepta
1294 326 1442 374 futuris,
1620 342 1658 374 15

385 395 569 443 carmina,
602 407 703 445 quae
733 394 887 444 Pylium
917 393 1076 433 uincere
1106 393 1225 444 digna
1254 406 1401 432 senem.

333 460 502 500 molliter
531 459 594 498 hic
624 458 739 499 uiridi
768 460 925 510 patulae
955 459 1029 498 sub
1058 458 1231 509 tegmine
1260 471 1428 510 quercus

387 525 537 565 Moeris
565 531 741 576 pastores
770 531 809 563 et
840 523 1065 563 Meliboeus
1095 531 1216 571 erant,

333 590 464 630 dulcia
493 589 683 629 iactantes
713 590 864 635 alterno
894 588 1070 627 carmina
1099 601 1226 635 uersu,

386 652 517 703 qualia
546 651 772 691 Trinacriae
801 652 943 690 doctus
971 658 1078 690 amat
1107 650 1273 691 iuuenis.
1624 665 1664 687 20

332 717 509 757 certatim
539 717 733 756 ornabant
763 729 902 755 omnes
932 715 1095 761 heroida
1124 715 1218 763 diui,

386 781 564 821 certatim
593 781 710 821 diuae
739 793 902 820 munere
931 793 1091 831 quoque
1120 793 1203 819 suo.

333 846 487 886 felicem
516 853 607 885 ante
636 846 731 885 alias
761 859 786 885 o
815 853 854 885 te
884 845 1071 897 scriptore
1101 846 1300 896 puellam!

386 913 507 951 altera
535 925 617 950 non
647 913 751 950 fama
780 910 919 950 dixerit
950 923 1036 950 esse
1065 909 1192 962 prior:

334 990 414 1016 non
444 977 519 1024 illa,
553 976 823 1027 Hesperidum
853 976 893 1016 ni
923 989 1087 1015 munere
1116 984 1231 1026 capta
1261 974 1408 1017 fuisset,
1624 991 1662 1022 ²5

388 1055 490 1092 quae
519 1043 722 1081 uolucrem
751 1055 867 1080 cursu
897 1041 1045 1080 uicerat
1077 1040 1364 1091 Hippomenen
1379 1054 1389 1088 3

334 1106 505 1146 candida
533 1118 682 1158 cycneo
711 1119 793 1145 non
822 1106 929 1146 edita
958 1105 1153 1156 Tyndaris
1182 1119 1275 1154 ouo,

388 1185 470 1211 non
500 1184 642 1223 supero
671 1173 824 1222 fulgens
855 1171 1073 1221 Cassiopea
1101 1171 1206 1221 polo,

335 1251 416 1277 non
445 1238 609 1277 defensa
637 1237 705 1276 diu
736 1238 942 1279 †mu1tum
972 1235 1186 1276 certamine
1216 1247 1410 1286 equorum

389 1303 581 1353 optabant
610 1301 831 1353 †grauidae
860 1302 970 1352 quod
999 1300 1074 1340 sibi
1103 1313 1285 1350 quaeque
1315 1312 1455 1338 manus
1469 1302 1504 1347 †,
1626 1314 1669 1345 30

335 1381 452 1419 saepe
481 1367 653 1406 animam
682 1366 815 1417 generi
844 1380 914 1417 pro
944 1379 1022 1417 qua
1050 1373 1161 1416 pater
1190 1364 1334 1415 impius
1363 1364 1503 1412 hausit,

383 1480 421 1510 15
446 1481 511 1502 om.
530 1469 606 1501 ΒΜ
618 1469 677 1502 sed
689 1470 723 1501 in
742 1479 850 1509 marg.
870 1469 1032 1510 superiore
1047 1468 1225 1509 ascriptum
1242 1467 1337 1499 habet
1352 1467 1385 1498 Β
1402 1477 1509 1498 manu
1526 1466 1668 1499 eiusdem

333 1515 474 1553 fortasse
488 1514 609 1545 saeculi
738 1514 834 1553 prcifi
852 1512 885 1542 B
1018 1511 1134 1552 pilium
1151 1511 1226 1542 Ar:
1252 1511 1380 1551 pylium
1397 1511 1454 1543 M:
1482 1511 1668 1551 Phrygium

336 1557 499 1589 Heinsius
531 1560 560 1588 et
585 1556 769 1588 llffarkland
781 1567 789 1588 ε
826 1555 958 1595 Pylium
986 1556 1119 1587 retinuit
1142 1555 1279 1587 Ribbeck
1449 1556 1488 1585 16
1512 1564 1578 1594 que
1594 1554 1670 1586 Ar:

336 1602 380 1640 qd
396 1601 438 1640 Β,
459 1611 550 1632 eraso
567 1600 756 1641 compendio
771 1600 951 1640 scriplurcte
972 1604 1075 1639 supra
1093 1610 1133 1638 q:
1158 1599 1219 1630 sed
1244 1609 1265 1629 u
1290 1602 1319 1629 et
1332 1597 1585 1639 Relzdtjgeranus
1603 1600 1646 1630 60
1663 1609 1670 1629 ε

337 1656 403 1675 om.
423 1644 464 1674 M
477 1643 564 1675 Med.
581 1656 587 1675 :
610 1655 667 1684 ego
682 1644 741 1674 sed
760 1643 928 1674 uindicaui
941 1643 975 1673 in
992 1643 1025 1672 A
1032 1644 1139 1674 merie.
1153 1642 1276 1681 Jom'n.
1295 1642 1468 1682 Philology
1482 1640 1577 1673 VIII.
1595 1647 1628 1682 p.
1651 1652 1668 1680 7

340 1697 377 1727 17
402 1688 457 1718 hic
473 1687 553 1718 ΑΜ.
576 1698 659 1727 1534
677 1699 684 1718 ι
708 1687 784 1718 huic
801 1686 928 1717 BAru
941 1685 1025 1718 Med.
1045 1697 1051 1716 :
1076 1686 1156 1716 hinc
1173 1685 1214 1716 M
1300 1685 1447 1716 tecmine
1463 1684 1495 1715 Β
1630 1687 1669 1715 18

337 1731 503 1762 melibous
519 1731 552 1761 B
567 1742 574 1762 z
599 1731 755 1762 melibeis
773 1729 814 1760 M
958 1740 997 1760 21
1024 1729 1106 1770 he(e
1123 1728 1277 1770 M)roida
1292 1727 1391 1759 BMu
1406 1739 1412 1760 :
1446 1728 1598 1768 epiredia
1615 1728 1671 1759 Ar

337 1775 425 1805 diue·
440 1774 556 1815 (5131ss
571 1786 578 1805 :
603 1775 681 1805 diue
694 1774 735 1804 M
743 1773 797 1803 Ar
902 1784 943 1804 22
967 1783 1100 1812 quoque
1113 1772 1155 1812 Β,
1171 1771 1364 1803 Buecheler:
1389 1782 1522 1812 queque
1533 1771 1668 1803 MAru

337 1828 379 1857 23
402 1818 484 1849 alias
511 1818 544 1848 Β
570 1822 599 1848 et
619 1828 699 1849 corr.
717 1816 942 1857 Relzdigerccni
960 1818 1004 1847 60
1022 1828 1029 1848 ε
1052 1816 1138 1847 alios
1163 1814 1401 1847 MAruMed.
1516 1826 1536 1846 ο
1562 1819 1596 1846 te
1612 1814 1670 1847 B:

337 1867 386 1892 tot
407 1862 466 1892 M:
490 1866 587 1892 tanto
601 1860 687 1892 Aru
700 1859 785 1891 Med.
947 1870 988 1898 24
1011 1859 1118 1891 altera
1135 1870 1202 1890 non
1219 1859 1385 1899 Scaltger:
1408 1859 1494 1890 alter
1510 1869 1578 1889 non
1596 1858 1673 1889 ΒΜ

337 1905 411 1935 Ar:
447 1905 579 1935 alterno
608 1915 629 1934 u
729 1904 816 1934 sama
843 1903 876 1933 Β
892 1915 899 1934 :
935 1903 1056 1934 famam
1079 1902 1217 1933 MAru
1333 1912 1410 1933 esse
1437 1902 1479 1942 B,
1512 1901 1673 1933 Muncker

337 1948 385 1979 ad
397 1948 486 1988 Hyg.
503 1948 583 1979 Fab.
605 1949 664 1987 185
682 1958 689 1978 ε
715 1957 792 1978 esse
813 1957 919 1987 marg.
939 1948 1012 1987 ipse
1028 1957 1072 1978 u:
1109 1946 1182 1985 ipse
1205 1945 1310 1976 MAr
1321 1945 1407 1977 Med.
1426 1958 1433 1977 :
1464 1946 1569 1977 altera
1593 1955 1669 1976 nam

338 1992 425 2022 sama
441 1992 499 2022 uix
516 1992 579 2023 erit
597 1996 693 2022 estue
710 1991 804 2031 prior
820 1990 885 2021 Plz.
905 1989 1052 2031 Wagner
1064 1988 1142 2020 duce
1157 1989 1329 2021 Salmasio
1475 1999 1515 2028 25
1541 1990 1573 2020 ni
1590 1988 1647 2020 Bu
1662 2001 1668 2020 z

337 2035 369 2066 in
387 2034 494 2066 MAr
503 2034 591 2066 Med.
725 2035 767 2064 26
791 2033 970 2064 uocremB
1052 2033 1292 2073 hippomenem
1310 2031 1372 2063 M:
1396 2041 1605 2072 ypomanem
1615 2032 1673 2063 Ar

337 2088 377 2118 27
403 2078 520 2109 cieneo
536 2078 569 2109 Β
683 2078 725 2108 28
750 2077 923 2116 cassiapea
939 2076 971 2107 Β
987 2076 1074 2108 sedo
1090 2080 1189 2116 super
1201 2087 1220 2108 a
1337 2086 1380 2116 29
1402 2076 1541 2107 multum
1559 2074 1648 2107 codd.
1662 2086 1669 2108 ι

337 2121 511 2152 uolucrum
528 2120 608 2152 Ald.
625 2130 708 2161 1534
723 2131 730 2151 ε
754 2125 787 2152 et
803 2121 941 2151 multum
959 2119 1149 2152 Sabbadim'
1251 2129 1413 2159 equorum
1431 2118 1506 2150 Ar:
1529 2129 1670 2158 quorum

338 2164 371 2195 Β
387 2164 429 2194 Μ
442 2164 528 2196 Med.
685 2174 727 2203 30
750 2165 795 2194 sic
809 2163 898 2195 codd.
1019 2164 1140 2194 Graiae
1157 2162 1236 2194 Ald.
1257 2172 1339 2202 1534
1354 2174 1360 2193 :
1386 2163 1486 2193 auide
1504 2162 1673 2193 Baehrens

337 2208 443 2250 quod]
462 2208 556 2248 qu
574 2219 580 2239 ε
602 2218 701 2248 quam
717 2207 763 2239 ed.
786 2218 882 2247 1473,
908 2206 1034 2238 Tollius
1112 2207 1249 2247 manus]
1274 2216 1394 2236 nurum
1419 2206 1554 2246 Tollius,
1580 2210 1609 2237 et
1629 2206 1674 2237 sic

334 2255 525 2292 permutata
558 2251 656 2282 uerba
687 2251 800 2282 inueni
831 2252 866 2282 in
904 2250 969 2282 cod.
1006 2250 1207 2282 Dim'onensi
1239 2250 1427 2281 Ouidianae
1457 2249 1560 2280 Ibidis
1596 2251 1669 2289 178.

337 2295 407 2327 Sed
422 2296 555 2327 uidetur
569 2299 666 2336 poeta
690 2295 776 2325 idem
795 2295 873 2325 uelle
898 2294 991 2335 quod
1014 2299 1060 2325 est
1078 2295 1111 2324 in
1133 2294 1196 2325 Cir.
1215 2304 1278 2331 412
1302 2296 1310 2311 ‘
1324 2293 1485 2324 Certatim
1509 2303 1552 2324 ex
1578 2293 1670 2324 omni

338 2339 435 2378 petiit
452 2349 549 2379 quam
568 2339 715 2370 Graecia
733 2349 837 2378 regno
849 2339 856 2353 ’
1006 2348 1045 2378 31
1073 2337 1181 2378 ipsius
1199 2337 1240 2367 M
1253 2337 1309 2368 Αν
1324 2336 1409 2368 Med.
