1820 2802
1309 162 1494 200 CVLEX

170 275 320 315 uiscera
350 275 542 314 Lethaeas
571 279 717 324 cogunt
746 280 897 313 tranate
926 285 994 323 per
1023 272 1160 312 undas.
1344 324 1351 327 ‘
1435 288 1495 322 215

171 340 316 391 praeda
345 338 538 380 Charonis
567 351 670 389 agor.
730 337 812 377 uidi
842 345 889 391 ut
914 336 1115 388 flagrantia
1143 337 1267 376 taedis

171 404 315 451 limina«
335 405 545 443 conlucent
575 402 735 442 infernis
765 402 898 442 onmia
927 401 1095 452 templis.

171 469 291 509 obuia
318 468 548 519 Tisiphone,
580 466 827 518 serpentibus
857 466 1033 517 undique
1062 474 1232 516 compta,
1259 513 1261 516 f

171 542 210 574 et
239 535 417 572 flammas
447 540 485 572 et
514 545 632 572 saeua
660 532 786 583 quatit
817 531 912 570 mihi
942 531 1115 570 uerbera.
1175 544 1279 582 pone

71 597 74 601 ’
121 620 125 623 -
173 599 367 639 Cerberus
397 604 435 637 et
464 597 557 636 diris
586 596 766 649 laturantia
794 596 955 645 rictibus
985 609 1062 644 ora,
1299 629 1304 637 .
1439 612 1501 634 220

171 662 365 713 anguibus
395 661 486 701 hinc
516 668 634 712 atque
664 660 756 699 hinc
786 662 913 715 ligent
942 660 1005 699 cui
1035 661 1136 699 colla
1164 660 1359 706 reflexis„

173 726 455 779 sanguineique
485 726 632 765 micant
660 727 840 765 ardorem
870 716 1028 764 luminis
1059 726 1183 765 orbes.

174 794 252 832 heu
282 783 378 843 quid
408 792 458 831 ab
489 785 618 831 officio
647 790 820 842 digressa
849 798 908 830 est
936 791 1068 842 gratia,
1100 804 1192 830 cum
1221 798 1259 829 te

174 857 325 897 restitui
354 837 504 908 &uperis
533 856 600 895 leti
629 856 708 898 iarn
737 855 872 895 limine
900 856 951 895 ab
981 855 1097 906 ipso?
1278 901 1288 908 .
1305 895 1321 909 ,4

174 922 347 975 praemia
375 930 466 961 sunt
495 915 650 973 pietatis
680 922 758 969 ubi,
791 921 946 972 pietatis
976 922 1176 960 honores?
1445 937 1504 970 225

175 988 216 1027 in
245 1000 366 1026 uanas
395 987 526 1026 abiere
556 986 674 1034 uices,
707 999 753 1025 ex
782 1000 869 1025 rure
897 986 1079 1025 recessit«

175 1052 345 1092 iustitiae
374 1051 478 1103 prior
506 1051 571 1090 illa
600 1052 710 1090 fides.
769 1050 954 1090 instantia
983 1050 1066 1090 uidi
1110 1063 1116 1066 ’

176 1117 344 1166 alterius,
377 1116 461 1156 sine
490 1118 789 1167 respectu‘mea
818 1116 897 1155 fata
925 1115 1161 1167 relinquens.

176 1185 227 1223 ad
256 1182 386 1234 parilis
415 1195 509 1233 agor
537 1188 714 1222 euentus,
773 1182 816 1220 fit
845 1195 974 1232 poena
1003 1178 1178 1221 merenti.

177 1260 306 1298 poena
334 1247 383 1286 sit
412 1246 573 1287 exitium
588 1261 598 1295 3
637 1247 759 1286 modo
788 1246 837 1285 sit
865 1247 962 1286 dum
992 1254 1099 1297 grata
1128 1248 1322 1294 uoluntas,
1444 1263 1506 1295 230

178 1311 336 1351 exsistat
365 1325 434 1363 par
463 1311 646 1351 officium.
706 1313 807 1351 feror
835 1312 924 1351 auia
953 1325 1116 1363 carpens
1280 1317 1297 1327 ·

178 1377 266 1416 auia
295 1376 530 1417 Cimmerios
561 1376 660 1416 inter
688 1376 874 1416 distantia
903 1378 1012 1416 lucos
1028 1391 1037 1425 5

360 1444 411 1463 *³7*

158 1498 169 1503 κ
222 1489 288 1520 215
313 1479 489 1511 transnare
505 1478 595 1511 codd.
701 1482 764 1511 216
787 1481 921 1512 coronis
937 1480 987 1511 E:
1011 1481 1165 1513 draconis
1188 1480 1252 1513 cod.
1273 1481 1511 1514 Escorialensss

180 1524 238 1556 ubi
264 1528 340 1564 post
368 1523 452 1555 Buc.
484 1521 597 1563 Georg.
625 1523 711 1554 Aen.
745 1523 887 1555 adiectus
916 1527 964 1555 est
994 1523 1095 1555 Culex
1225 1525 1295 1557 uidi
1327 1530 1361 1557 et
1393 1525 1509 1558 Cors.:

170 1568 281 1606 tuide‘i
307 1571 342 1597 ut
361 1565 392 1596 V
419 1566 445 1607 (i
476 1570 577 1606 super
606 1566 732 1607 rasur.)
847 1567 953 1608 piceis
984 1567 1138 1599 Menozzi
1299 1578 1360 1608 217
1386 1569 1510 1601 lumina

181 1608 408 1642 BMVCors.:
447 1609 562 1640 limina
585 1610 644 1641 Fr.
667 1609 779 1641 Jacobs
901 1620 974 1641 cum
1006 1611 1120 1642 lucent
1148 1610 1238 1644 codd.
1258 1616 1389 1651 praeter
1419 1612 1509 1645 Cors.

181 1658 210 1685 et
245 1653 292 1684 V:
331 1652 501 1684 collucent
534 1652 647 1684 Cors.:
685 1652 898 1684 translucent
932 1653 964 1683 V
1078 1655 1220 1686 infernis
1241 1654 1413 1687 Domitius
1437 1655 1511 1687 Cal-

182 1697 317 1728 derinus
346 1700 375 1727 et
405 1695 459 1728 Fr.
489 1695 623 1727 Jacobs:
656 1696 789 1728 infestis
816 1696 1070 1729 BVPTCors.:
1103 1698 1238 1730 insectis
1265 1698 1298 1730 E
1323 1699 1361 1738 cf.
1389 1698 1508 1731 Manil.

185 1740 328 1779 11.692:
351 1739 506 1770 infaustis
523 1739 654 1780 Unger:
670 1740 753 1779 fort.
776 1740 917 1771 incestis
1006 1742 1118 1772 omnia
1141 1740 1247 1773 codd.:
1264 1742 1348 1781 sort.
1380 1744 1512 1774 moenia

183 1782 336 1824 templis]
362 1782 483 1824 thelsis
504 1781 535 1812 V
685 1783 788 1814 uiden
805 1788 840 1814 ut
864 1784 1042 1823 flagrantia
1063 1785 1170 1816 taedis
1186 1785 1300 1816 limina
1323 1785 1511 1818 collucent?

185 1826 318 1858 infestis
343 1826 443 1857 obuia
470 1825 617 1867 templis,
641 1826 740 1858 obuia
763 1826 950 1867 Tisiphone
974 1826 1041 1858 Leo
1152 1829 1216 1859 218
1240 1829 1351 1860 cincta
1375 1828 1512 1869 Heyne:

183 1881 228 1902 an
259 1870 400 1909 saepta?
557 1879 619 1909 219
650 1880 740 1909 pone
764 1869 980 1911 Peerlkamp:
1018 1871 1184 1913 poen(a)e
1215 1871 1302 1903 codd.
1448 1883 1514 1904 220

184 1913 341 1945 latrantia
360 1913 498 1944 rictibus
508 1912 648 1953 Haupt:
673 1914 815 1953 flagrant
834 1914 973 1954 (ssagant
989 1914 1045 1955 M)
1068 1914 1244 1946 latratibus
1265 1912 1547 1957 <latran(n-‘V‘JT'

186 1957 274 1988 tibus
290 1956 371 1996 VT)
390 1955 476 1988 codd.
495 1967 501 1987 ε
525 1956 694 1988 Cerberus
707 1962 758 1988 est
771 1957 854 1988 diris
872 1958 1017 1997 flagrans
1033 1958 1054 1989 l.
1075 1968 1134 1989 ora
1149 1957 1337 1989 Housman
1449 1970 1509 1990 221

185 2004 284 2032 arent
310 2002 360 2031 n:
391 2000 509 2040 sarent
534 1999 575 2029 M
590 2011 597 2031 :
630 2000 746 2031 ‘arent
762 2003 823 2031 aut
843 2000 1003 2032 horrent'
1028 2000 1228 2033 Ascensius:
1259 2002 1372 2033 lurent
1403 2004 1518 2044 scripsi

174 2038 515 2082 &sanguineique
532 2041 574 2073 M
585 2042 680 2075 Cant.
702 2044 790 2075 Cors.
809 2055 816 2074 z
840 2044 1093 2084 sanguineaque
1109 2044 1239 2076 BFPT
1337 2046 1458 2077 ardore
1475 2045 1517 2076 M

187 2087 288 2119 orbos
304 2086 336 2117 Β
353 2089 435 2126 (non
451 2087 579 2128 arbos),
599 2090 649 2117 H:
673 2087 787 2118 orbem
807 2085 895 2119 cors.
915 2099 922 2118 :
946 2088 1070 2120 horbes
1087 2087 1128 2118 M
1229 2099 1292 2128 223
1316 2099 1380 2120 neu
1399 2089 1488 2121 Cors.
1507 2101 1513 2120 τ

188 2136 220 2161 et
232 2134 282 2161 11:
300 2141 384 2161 num
395 2130 537 2170 ecquid?
626 2140 689 2170 224
714 2129 853 2162 loetium
871 2131 996 2162 lumine
1010 2131 1099 2163 Cors.
1117 2143 1124 2162 :
1148 2131 1327 2172 lismineB
1371 2142 1452 2172 apso
1469 2132 1512 2163 Βι

188 2184 250 2213 225
275 2173 404 2213 premia
419 2178 499 2205 sunt
516 2173 631 2205 ditatis
647 2173 716 2205 Esc.
734 2185 742 2205 ς
759 2184 844 2205 num
861 2175 1012 2214 praemia
1032 2174 1275 2214 simplicitatis?
1451 2178 1515 2206 226

188 2217 300 2248 uarias
310 2216 380 2248 Esc.
472 2227 492 2247 e
508 2227 584 2248 rure
594 2216 743 2248 Bemhus
758 2229 765 2248 ε
781 2222 815 2248 et
831 2228 910 2249 rure
919 2217 965 2249 ed.
978 2217 1110 2250 Ascens.
1128 2228 1209 2257 1507
1228 2230 1234 2249 z
1254 2223 1288 2250 et
1305 2219 1375 2249 iure
1385 2217 1517 2250 BFI'IM

191 2260 304 2292 Cors.:
330 2265 364 2291 et
387 2260 459 2292 iura
480 2259 526 2291 V:
553 2265 588 2292 et
611 2261 679 2292 uita
706 2260 910 2292 Vossianus:
941 2266 974 2292 et
997 2262 1083 2292 uicta
1105 2261 1291 2293 Baehrens:
1305 2262 1388 2302 sort.
1405 2262 1515 2293 euicta

190 2314 251 2343 227
277 2303 406 2334 lustitia
432 2307 466 2334 et
491 2302 653 2334 Schrader
782 2304 847 2335 uici
874 2303 1034 2335 Heinsius
1187 2315 1252 2346 229
1277 2305 1401 2346 pariles
1427 2305 1515 2337 codd.

190 2346 348 2387 plerique:
376 2346 512 2386 parides
530 2347 603 2378 FM
710 2347 748 2378 fit
767 2346 1025 2379 BFMVCant.:
1052 2352 1094 2379 sit
1118 2347 1208 2380 Cors.
1363 2350 1516 2388 230-306

192 2389 311 2421 desunt
328 2390 363 2420 in
384 2388 424 2420 M
510 2399 576 2429 230
600 2390 637 2421 fit
659 2390 786 2421 BFVn
799 2390 914 2422 Cant.:
937 2391 981 2422 sit
1005 2389 1092 2423 Cors.
1116 2391 1246 2423 Mediol.
1338 2391 1434 2432 dum]
1459 2397 1516 2424 tua

193 2431 373 2474 Hertzberg
531 2443 593 2472 232
618 2433 702 2465 Cum
727 2435 851 2466 merios
876 2433 991 2466 Bm:
1026 2435 1194 2467 cumei-ios
1223 2434 1270 2466 V:
1303 2436 1366 2466 cim
1391 2436 1516 2467 merios

196 2475 285 2507 Cors.
390 2475 495 2517 inter]
513 2477 595 2509 infra
612 2475 677 2508 Leo
