1820 2802
1344 167 1495 206 CIRIS

172 277 305 316 infelix
333 277 442 328 uirgo
473 276 586 327 (quid
615 276 720 316 enim
749 275 999 316 commiserat
1028 274 1122 314 illa?

173 342 256 392 ipse
284 350 393 394 pater
421 343 569 381 nudam
599 339 745 382 †saeua
771 341 999 391 complexus
1029 340 1175 378 harena

172 406 400 457 coniugium
430 414 560 446 castae
590 405 808 458 uiolauerat
836 404 1120 456 Amphitrites:

171 478 210 509 at
239 479 370 510 tamen
400 470 526 521 exegit
555 472 673 521 longo
702 477 792 520 post
820 476 997 520 tempore
1026 482 1184 521 poenas,

172 544 214 574 ut
243 549 334 575 cum
363 549 456 575 cura
484 549 578 576 suae
607 537 814 580 ueheretur
844 534 1021 585 coniugis
1050 522 1139 585 alte}
1272 566 1273 569 ,
1458 548 1495 581 75

170 600 254 652 ipsa
283 608 432 640 trucem
463 602 587 640 multo
617 600 798 639 misceret
827 599 1016 650 sanguine
1045 597 1254 649 pontum):

165 661 374 719 §QQ
406 672 448 704 ut
476 665 695 716 perhibent,
727 666 853 704 forma
881 677 972 702 cum
1002 663 1177 702 uinceret
1206 662 1334 701 omnis

169 738 207 769 et
236 730 402 782 cupidos
431 738 597 781 quaestu
627 729 771 781 passim
801 731 1006 781 popularet
1035 728 1213 775 amantis,

169 794 342 845 piscibus
372 796 462 832 haec
488 794 731 845 canibusque
761 794 873 833 malis
903 795 1046 832 uallata
1074 800 1235 844 repente

168 858 362 898 horribilis
391 859 538 918 circum
568 859 667 898 uidit
696 872 738 898 se
767 858 901 897 sistere
928 860 1084 897 formas.
1173 899 1175 901 ,
1226 898 1227 901 ,
1422 865 1506 919 Η8ο(

114 922 177 1022 ἲ
168 918 244 962 heu
275 924 457 975 quotiens
487 918 637 963 mlrata
653 917 780 963 nou'bs
809 923 994 974 expalluit
1022 917 1192 970 artus,‘„—
1420 916 1421 919 ¹

167 988 251 1038 ipsa
280 1001 371 1027 suos
401 988 583 1039 quotiens
613 989 690 1026 heu
717 986 920 1059 pertimuit
948 980 1132 1026 latratus!
1169 987 1173 1004 ²

167 1066 263 1098 ausa
291 1054 400 1104 quod
429 1061 487 1092 est
516 1053 656 1092 mulier
684 1066 841 1115 numen
862 1047 1057 1091 fraudare
1070 1053 1234 1091 deorum
1273 1104 1275 1108 Ι
1305 1097 1308 1099 .
1352 1096 1354 1098 ,
1414 1092 1416 1094 ,
1458 1077 1460 1079 v

166 1125 224 1156 et
216 1117 380 1188 ἀμελῇ
409 1117 554 1157 Veneri
583 1124 679 1156 uoto
708 1102 960 1156 interuertere
988 1130 1183 1181 poenam,—

112 1195 288 1244 squam
313 1163 421 1223 mala
450 1178 661 1261 multiplici}
687 1181 876 1221 iuuenum
896 1183 1026 1238 9993
1045 1189 1180 1233 saepta
1208 1184 1393 1253 caterua(
1453 1190 1495 1231 85

166 1243 314 1287 dixerat
343 1256 461 1307 atque
489 1262 624 1288 ammo
651 1248 833 1288 'meretrix
861 1248 1004 1287 iactata
1032 1249 1211 1296 ferarum,

166 1311 352 1352 infamem
383 1306 468 1351 tali
475 1327 518 1352 m
563 1313 803 1353 itai-umore
833 1313 952 1369 fuisse

166 1367 285 1417 docta
314 1380 509 1430 Palaepap
540 1393 600 1419 iae
629 1386 792 1419 testatur
820 1374 920 1419 u6ce
950 1378 1169 1435 Pachynus.

211 1490 251 1520 72
275 1491 320 1512 stc
344 1481 479 1512 Loensis
494 1484 523 1512 et
537 1480 617 1512 Ald.
641 1490 722 1521 1517
839 1491 997 1513 scaenam
1015 1482 1105 1513 nuda
1122 1480 1303 1522 complexit
1319 1482 1353 1514 R
1369 1493 1375 1512 :
1403 1483 1493 1515 nudi

167 1523 344 1564 (suprascr.
370 1524 502 1564 timida)
530 1534 612 1555 seua
631 1525 813 1564 complexit
837 1525 870 1555 A
887 1536 894 1556 t
931 1525 1082 1556 timidam
1113 1535 1196 1557 seua
1227 1525 1410 1565 complexit
1440 1526 1492 1557 U:

166 1567 239 1598 sola
260 1567 396 1598 Ruardi
415 1573 495 1608 spec.
519 1568 585 1599 crit.
618 1570 710 1608 1769,
732 1573 767 1609 p.
795 1577 860 1607 37:
884 1569 971 1599 flaua
993 1568 1130 1608 Heyne:
1154 1569 1244 1600 fulua
1268 1568 1380 1600 Koch:
1404 1570 1494 1602 sicca

166 1610 308 1651 Haupt:
323 1611 357 1650 s.
375 1610 489 1642 Sicula
620 1611 820 1651 complexus
843 1611 888 1643 ed.
912 1621 993 1652 1507
1128 1621 1167 1651 73
1192 1617 1304 1643 castae
1314 1612 1492 1645 Schwabe:

166 1658 258 1694 carte
272 1664 376 1695 marg.
397 1664 474 1685 care
491 1653 524 1684 A
543 1665 549 1684 :
575 1660 667 1685 carte
683 1655 717 1685 R
732 1666 739 1685 :
764 1665 862 1686 carae
882 1655 932 1686 U:
961 1665 1066 1686 canae
1082 1655 1244 1686 Heinsius
1364 1657 1494 1696 amphi-

169 1697 246 1728 trite
261 1700 435 1738 (suprascr.
451 1698 503 1738 es)
516 1697 568 1728 A:
585 1698 780 1737 amphitrite
791 1697 842 1728 R:
859 1698 1074 1738 amphitrites
1091 1698 1124 1730 U
1213 1709 1253 1738 74
1276 1704 1328 1731 ast
1344 1699 1391 1730 U:
1408 1700 1492 1730 haec

167 1741 223 1770 uir
234 1740 348 1772 doctus
363 1740 546 1771 Obseruatt.
567 1740 609 1772 11.
629 1750 704 1781 319,
719 1740 863 1772 Schenkl
875 1753 881 1771 :
904 1742 987 1782 fort.
1004 1753 1042 1773 ac
1157 1751 1196 1782 75
1221 1753 1294 1773 curn
1313 1744 1490 1783 (suprascr.

166 1784 250 1823 tum)
264 1784 296 1814 A
356 1793 438 1815 suae
449 1783 498 1814 U:
524 1788 581 1833 tu?
589 1784 642 1815 R.
637 1796 643 1802 ·
667 1790 724 1816 tue
734 1784 793 1815 A:
817 1785 869 1816 sui
881 1784 1019 1816 Loensis
1028 1795 1127 1825 quem
1139 1785 1284 1826 plerique
1294 1791 1490 1826 sequuntur.

165 1826 236 1858 Sed
270 1837 349 1859 cura
388 1837 469 1858 suae
507 1828 660 1867 coniugis
692 1831 819 1867 poterat
855 1838 922 1859 esse
955 1827 1142 1870 Neptunus,
1174 1839 1275 1860 amor
1301 1840 1339 1860 ac
1371 1829 1495 1861 deliciae

165 1870 311 1911 coniugis
327 1881 406 1902 suae
420 1870 640 1911 Amphitrites
681 1871 748 1902 alte
767 1873 945 1912 (suprascr.
965 1876 1015 1912 to)
1033 1872 1090 1903 A:
1115 1872 1179 1914 alte
1195 1871 1250 1903 R:
1274 1872 1322 1903 alt
1341 1872 1374 1904 U
1453 1883 1492 1913 77

164 1913 270 1945 Varro
288 1918 324 1944 ut
341 1914 499 1954 perhibet
516 1914 629 1955 Unger
713 1924 833 1945 omnes
845 1914 917 1945 AR
923 1915 956 1946 U
1055 1916 1095 1954 78
1118 1915 1298 1956 popularet
1314 1919 1490 1957 (suprascr.

162 1957 340 1998 spoliaret)
355 1956 413 1988 A.
437 1957 600 1997 spoliaret
619 1957 652 1988 U
734 1959 839 1998 79-84
857 1958 902 1989 sic
917 1959 1149 2000 transponebat
1159 1959 1222 1990 Leo
1236 1960 1286 1999 83,
1302 1960 1354 1998 84,
1369 1970 1420 2000 79,
1435 1961 1489 2000 80,

163 2002 217 2040 81,
234 2000 276 2031 82
366 2010 408 2040 79
424 2000 506 2032 haec
516 2001 654 2042 scripsi·
647 2025 653 2032 .
674 2005 708 2032 et
729 2001 857 2032 ARU:
882 2000 974 2042 quod
986 2001 1052 2033 Leo
1069 2002 1209 2042 defendit
1222 2013 1261 2033 ex
1273 2002 1376 2033 titulis
1392 2014 1399 2033 z
1424 2004 1491 2034 heu

164 2042 318 2075 Schwabe
391 2045 486 2075 malis
499 2044 675 2084 (suprascr.
688 2045 828 2081 rabidis)
841 2044 875 2075 A
929 2051 981 2076 est
989 2050 1065 2085 post
1077 2051 1217 2086 repente
1233 2046 1362 2077 addunt
1373 2046 1444 2077 AR
1450 2047 1491 2086 U,

163 2086 252 2126 quod
264 2087 365 2118 omisi
377 2098 452 2118 cum
466 2087 531 2118 Iac.
548 2088 702 2119 Pontano
718 2088 765 2119 ed.
788 2090 871 2119 1628
991 2089 1111 2129 Haupt
1127 2100 1168 2130 79
1180 2093 1257 2130 post
1272 2090 1315 2120 80
1331 2090 1494 2121 traiciebat

163 2131 205 2160 82
229 2131 402 2170 pertimuit
429 2132 604 2171 (suprascr.
635 2132 776 2173 muisse)
802 2131 860 2162 A:
893 2132 1107 2172 pertimuisse
1136 2133 1284 2173 latrones
1310 2134 1489 2173 (suprascr.

162 2175 254 2214 atus)
276 2173 308 2204 U
446 2175 487 2213 84
511 2179 545 2205 et
572 2175 747 2215 (suprascr.
778 2177 812 2215 e)
835 2175 869 2205 A
1010 2180 1091 2206 uoto
1117 2176 1341 2207 interuertere
1372 2176 1492 2218 Sillig:

160 2221 345 2262 Q
369 2222 510 2252 uertere
543 2217 672 2249 ARU:
720 2223 877 2249 notorum
918 2218 1101 2250 Bartthus
1148 2219 1317 2250 lucrorum
1352 2219 1492 2260 Haupt·

163 2260 327 2291 donorum
345 2252 531 2292 Baehrens:
555 2266 708 2293 auertere
721 2261 868 2303 Scaliger
964 2264 1005 2301 85
1030 2262 1130 2293 modo
1147 2263 1324 2304 (suprascr.
1344 2263 1492 2304 mala)A

163 2303 206 2333 86
245 2304 377 2336 dixerat
412 2304 527 2345 ARU‚
572 2305 603 2336 h.
623 2315 647 2336 e.
686 2305 848 2336 indixerat
894 2306 1121 2337 amatoribus:
1174 2307 1307 2337 uixerat
1345 2305 1496 2346 Scaliger

163 2350 264 2386 atque
297 2347 425 2378 ARU:
464 2328 550 2379 uix’it
585 2353 726 2388 eratque
764 2349 887 2390 Haupt
1114 2350 1156 2389 87
1195 2349 1314 2381 merito
1355 2359 1490 2381 rumore

165 2389 320 2421 Loensis:
353 2391 548 2422 meritorum
565 2401 653 2423 more
670 2392 781 2423 ARU
939 2393 981 2423 88
1003 2391 1050 2423 sic
1063 2391 1132 2423 AR
1139 2392 1190 2423 U
1215 2393 1322 2433 palam
1341 2392 1491 2433 Paphiae

167 2431 460 2466 Ganuenmueller:
500 2435 913 2476 Palaephatia-papyrus
945 2435 1024 2467 Ald.
1059 2446 1151 2476 1517,
1183 2440 1213 2467 et
1244 2437 1290 2467 sic
1318 2436 1490 2478 Philippus
