1820 2802
1356 169 1504 207 CIRIS

179 289 407 326 suspensam
437 277 612 325 gaudens
643 275 680 312 in
710 287 872 324 corpore
902 275 1035 313 ludere
1066 282 1215 312 uestem

178 348 216 379 et
246 341 418 379 tumidos
447 340 618 390 agitante
647 339 755 378 sinus
784 339 969 389 aquilone
999 340 1183 377 relaxans.
1447 355 1506 387 ¹45

179 407 350 444 necdum
379 405 497 443 etiam
527 412 655 456 castos
685 411 908 454 gustauerat
936 403 1036 454 ignis
1065 405 1246 450 honores,

177 471 349 509 necdum
379 468 560 508 sollemni
590 470 754 519 lympha·
779 470 935 519 perfusa
964 469 1147 507 sacerdos

176 534 357 585 pallentis
386 534 487 572 foliis
518 530 635 584 caput
664 540 867 572 exornarat
896 533 1035 586 oliuae,

175 612 266 637 curn
295 601 403 649 lapsa
432 612 453 637 e
483 598 665 636 manibus
694 598 791 647 fugit
820 597 908 648 pila,
941 586 1100 648 quoque
1129 599 1280 647 relapsa
1308 605 1376 644 est,

175 663 365 714 procurrit
395 663 514 712 uirgo.
574 664 684 712 quod
714 662 769 700 uti
798 652 854 700 ne*
877 661 1034 712 prodita
1062 663 1158 700 ludo
1443 678 1506 709 15·

173 736 349 767 auratam
378 727 510 779 gracili
539 727 724 766 soluisses
754 740 917 777 corpore
947 728 1115 776 pallam!

174 793 308 832 omnia
337 806 438 843 quae
466 792 632 831 retinere
660 793 824 842 gradum
854 804 1070 841 cursusque
1099 791 1239 830 morari

173 865 345 908 possent,
377 871 401 896 0
431 865 562 896 tecum
592 859 735 896 uellem
766 865 833 895 tua
861 869 1016 906 semper
1044 857 1232 895 haberes!

173 937 254 963 non
284 936 473 972 umquam
503 922 651 960 uiolata
680 915 994 960 mam-{sacraria
1023 922 1139 959 diuae
1186 933 1198 973 fl

172 988 338 1026 iurando
367 987 501 1026 infelix
529 986 771 1036 nequiquam
801 986 882 1024 iure
912 985 1071 1036 piasses.
1180 987 1191 1012 ²⁴-
1442 1002 1502 1033 155

170 1052 242 1091 etsi
271 1052 359 1102 quis
388 1051 570 1090 nocuisse
598 1050 669 1090 tibi
698 1050 865 1100 periuria
891 1052 1057 1090 credat?

172 1130 290 1155 causa
319 1116 383 1171 Eia
413 1124 495 1164 fist:
534 1115 664 1160 timuit
692 1115 798 1153 fratri
827 1123 865 1154 te
895 1116 1104 1154 ostendere
1135 1116 1249 1154 Iuno.

173 1189 211 1220 at
240 1181 337 1219 leuis
367 1181 431 1220 ille
460 1182 569 1228 deus,
602 1180 665 1218 cui
695 1193 850 1230 semper
878 1182 929 1218 ad
958 1180 1231 1219 ulciscendum

172 1245 369 1296 quaeritur
398 1259 445 1284 ex
474 1245 583 1283 omni
612 1245 822 1283 uerborum
854 1232 994 1283 iniuria
1023 1245 1145 1291 dicto,

170 1324 287 1349 aurea
315 1310 478 1360 fulgenti
507 1311 745 1360 depromens
775 1311 851 1348 tela
880 1311 1061 1359 pharetra
1439 1315 1501 1347 160

172 1376 265 1427 (heu
296 1375 460 1413 nimium
491 1378 642 1421 †terret,
674 1374 840 1413 nimium
871 1374 1014 1413 tirintia
1045 1374 1173 1426 uisu†)

682 1480 743 1509 160
765 1479 850 1510 Aen.
870 1488 899 1518 5.
919 1488 980 1518 501

216 1559 277 1596 146
300 1556 486 1596 agitauerat
501 1555 549 1586 U:
575 1559 769 1594 gustauerat
788 1555 964 1596 (suprascr.
981 1555 1184 1596 agitauerat)
1197 1555 1228 1584 A
1341 1557 1400 1594 148
1426 1556 1498 1586 Pal-

872 1607 903 1623 ra

169 1632 272 1663 lantis
288 1632 337 1663 Al
471 1637 652 1662 exornarat
679 1631 729 1662 U:
754 1636 899 1662 exornat
916 1630 987 1670 (sic)
1006 1630 1039 1660 A
1058 1642 1063 1660 :
1088 1635 1230 1661 exornat
1247 1630 1280 1661 R
1439 1639 1499 1670 149

169 1676 264 1716 lapsa
280 1686 298 1706 e
319 1675 368 1706 U:
393 1674 487 1715 lapse
504 1674 572 1706 AR
689 1685 831 1713 cumque
847 1673 956 1704 ARU
980 1686 986 1704 ;
1011 1684 1145 1714 quoque
1166 1673 1278 1712 Unger
1365 1673 1498 1713 relapsa

169 1725 220 1750 est
236 1719 419 1750 Heinsius:
445 1719 573 1760 relapse
596 1718 670 1748 AU
679 1729 685 1748 ε
711 1719 842 1757 relapse
859 1718 914 1748 R:
939 1728 978 1748 ea
1005 1717 1099 1756 lapsa
1122 1722 1173 1747 est
1198 1716 1349 1755 Maelzly:
1383 1717 1498 1756 elapsa

169 1768 220 1794 est
247 1762 403 1793 Ribbeck:
434 1762 463 1801 f.
490 1762 597 1791 relata
623 1766 675 1791 est
826 1771 887 1800 150
910 1762 1000 1800 quod
1029 1761 1208 1801 (suprascr.
1240 1764 1321 1799 quo)
1346 1760 1392 1790 A:
1432 1771 1497 1799 quo

173 1806 207 1837 U
303 1815 360 1844 151
387 1810 534 1836 auratam
559 1804 613 1835 Fr.
639 1804 772 1837 Jacobs:
807 1815 908 1835 aurea
935 1804 1000 1834 iam
1027 1804 1153 1834 ARU:
1187 1804 1353 1834 aureolam
1381 1803 1496 1834 Hous-

170 1859 252 1880 man
405 1849 564 1879 soluisses
595 1848 775 1879 Barthius:
815 1848 973 1879 soluisset
1004 1847 1112 1877 ARU
1300 1857 1359 1885 153
1386 1847 1495 1877 uelem

169 1893 195 1934 (l
212 1893 396 1932 suprascr.)
413 1891 446 1922 R
579 1896 635 1922 tua
661 1892 811 1929 tegmina
827 1891 1084 1921 Stadtmueller:
1109 1896 1200 1928 tunc,
1218 1900 1355 1929 semper
1382 1890 1496 1920 Hous-

169 1947 251 1967 man
387 1945 447 1974 154
470 1945 538 1966 non
556 1945 735 1974 numquam
751 1935 784 1965 A
897 1944 997 1964 manu
1019 1934 1071 1964 U:
1095 1943 1216 1964 manus
1231 1934 1303 1964 AR
1436 1942 1496 1972 155

167 1979 310 2010 iurando
321 1979 447 2009 ARU:
464 1979 593 2009 urendo
611 2002 617 2008 .
636 2001 644 2008 .
665 2003 671 2010 .
689 1983 764 2009 tura
778 1978 896 2018 Sz'llng:
921 1978 1077 2008 intrando
1093 1977 1204 2017 Unger
1291 1977 1495 2016 nequiquam

168 2022 304 2054 Ribbeck
320 2033 327 2052 :
352 2023 575 2061 nequicquam
592 2021 662 2052 AR
769 2022 840 2051 iure
855 2021 1016 2052 Bartlzius
1030 2032 1036 2051 :
1061 2021 1134 2051 iura
1147 2020 1257 2050 ARU
1377 2021 1438 2059 156
1461 2025 1496 2050 et

167 2065 292 2097 ARU:
329 2071 382 2097 set
412 2065 582 2096 Schwabe:
619 2069 653 2096 at
684 2064 840 2095 Ribbeck:
879 2065 943 2095 etsi
975 2064 1074 2103 quis.
1092 2087 1101 2096 .
1121 2088 1128 2094 .
1146 2064 1286 2095 credat?
1324 2063 1500 2094 Buecheler

170 2119 230 2148 157
253 2120 299 2140 an
315 2119 415 2140 causa
432 2110 547 2148 patet?
682 2109 743 2147 158
766 2109 807 2138 ad
824 2107 1055 2139 ulciscendum
1071 2106 1150 2138 Ald.
1171 2117 1273 2146 1517:
1298 2106 1494 2137 adolescen-

166 2153 245 2183 dum
270 2152 311 2192 R,
331 2156 360 2183 et
381 2157 393 2182 t
417 2157 582 2192 suprascr.
607 2151 665 2181 A:
698 2151 957 2182 adolescentum
980 2151 1018 2182 U.
1077 2150 1124 2190 Cf
1148 2149 1261 2181 schol.
1288 2150 1493 2180 Arateorum

169 2195 357 2227 Germanici
371 2201 407 2236 p.
436 2196 476 2234 87
508 2195 648 2235 Breyszg
672 2195 770 2225 ‘dum
804 2199 937 2233 tempus
970 2195 1012 2225 ad
1047 2194 1277 2224 ulciscendum
1310 2203 1347 2223 se
1378 2197 1492 2224 osten-

167 2239 281 2271 deret'
417 2248 478 2278 159
503 2239 593 2269 dicto
606 2238 730 2268 ARU:
755 2238 845 2268 dictu
867 2236 1161 2268 Helmstadtiensis
1176 2236 1268 2277 quod
1281 2237 1392 2276 recepit
1405 2236 1493 2267 Leo:

166 2282 256 2313 facto
288 2282 442 2321 Maehly:
483 2282 590 2313 uerbo
621 2287 722 2320 atque
754 2282 775 2312 i.
808 2281 896 2312 sacto
927 2279 1050 2321 Haupt
1290 2281 1346 2310 161
1388 2284 1493 2310 terret

169 2328 348 2365 (suprascr.
381 2326 495 2362 tereti>
529 2325 669 2355 nimium
701 2325 804 2355 tirItia
836 2325 909 2355 uisu
942 2325 1124 2364 (suprascr.
1159 2324 1266 2362 iussu)
1299 2323 1357 2353 A:
1388 2328 1492 2353 terret

170 2369 306 2399 nimium
339 2369 448 2400 tiricia
475 2369 548 2399 uisu
573 2368 627 2398 R:
673 2369 772 2398 tereti
804 2378 837 2398 n.
865 2368 1028 2406 tirynthia
1064 2367 1156 2398 iussu
1193 2366 1244 2396 U:
1286 2371 1350 2406 pro
1386 2371 1492 2396 terret

168 2412 220 2443 uel
233 2413 330 2442 tereti
346 2412 543 2442 com'ecerunt
566 2417 658 2441 certo
676 2412 730 2441 uir
743 2411 852 2441 doz-tus
875 2417 925 2450 ap.
947 2410 1168 2442 Sclzrademm
1189 2421 1194 2439 :
1231 2416 1320 2440 certa
1345 2415 1377 2439 et
1394 2409 1470 2438 Keil
1486 2420 1492 2439 ε

1368 2453 1406 2489 3*
