<?xml version="1.0" encoding="UTF-8"?>
<!DOCTYPE html PUBLIC "-//W3C//DTD XHTML 1.0 Transitional//EN"
    "http://www.w3.org/TR/xhtml1/DTD/xhtml1-transitional.dtd">
<html xmlns="http://www.w3.org/1999/xhtml" xml:lang="en" lang="en">
 <head>
  <title>
</title>
<meta http-equiv="Content-Type" content="text/html;charset=utf-8" />
  <meta name='ocr-system' content='tesseract 3.04.00' />
  <meta name='ocr-capabilities' content='ocr_page ocr_carea ocr_par ocr_line ocrx_word'/>
</head>
<body>
  <div class='ocr_page' id='page_1' title='image "./appendixvergilia00elliuoft_0110.png"; bbox 0 0 1820 2802; ppageno 0'>
   <div class='ocr_carea' id='block_1_1' title="bbox 313 134 689 175">
    <p class='ocr_par' dir='ltr' id='par_1_1' title="bbox 313 134 689 175">
     <span class='ocr_line' id='line_1_1' title="bbox 313 134 689 175; baseline 0.008 -3"><span class='ocrx_word' id='word_1_1' title='bbox 313 134 689 175; x_wconf 91' lang='lat' dir='ltr'><strong>CATALEPTON</strong></span> 
     </span>
    </p>
   </div>
   <div class='ocr_carea' id='block_1_2' title="bbox 312 246 1236 427">
    <p class='ocr_par' dir='ltr' id='par_1_2' title="bbox 312 246 1236 427">
     <span class='ocr_line' id='line_1_2' title="bbox 312 246 1236 296; baseline 0.004 -13"><span class='ocrx_word' id='word_1_2' title='bbox 312 246 448 285; x_wconf 82' lang='lat' dir='ltr'><strong>dulces</strong></span> <span class='ocrx_word' id='word_1_3' title='bbox 479 247 690 295; x_wconf 83' lang='lat' dir='ltr'>Camenae,</span> <span class='ocrx_word' id='word_1_4' title='bbox 722 261 813 286; x_wconf 87' lang='lat' dir='ltr'><strong>nam</strong></span> <span class='ocrx_word' id='word_1_5' title='bbox 843 248 1053 286; x_wconf 83' lang='lat' dir='ltr'><strong>fatebimur</strong></span> <span class='ocrx_word' id='word_1_6' title='bbox 1084 262 1236 296; x_wconf 89' lang='lat' dir='ltr'><strong>uerum,</strong></span> 
     </span>
     <span class='ocr_line' id='line_1_3' title="bbox 314 310 1167 360; baseline 0.005 -12"><span class='ocrx_word' id='word_1_7' title='bbox 314 310 450 350; x_wconf 83' lang='lat' dir='ltr'><strong>dulces</strong></span> <span class='ocrx_word' id='word_1_8' title='bbox 479 311 617 360; x_wconf 87' lang='lat' dir='ltr'><strong>fuistis,</strong></span> <span class='ocrx_word' id='word_1_9' title='bbox 648 319 687 351; x_wconf 93' lang='lat' dir='ltr'><strong>et</strong></span> <span class='ocrx_word' id='word_1_10' title='bbox 716 319 848 351; x_wconf 83' lang='lat' dir='ltr'><strong>tamen</strong></span> <span class='ocrx_word' id='word_1_11' title='bbox 878 325 985 352; x_wconf 87' lang='lat' dir='ltr'><strong>meas</strong></span> <span class='ocrx_word' id='word_1_12' title='bbox 1014 314 1167 352; x_wconf 81' lang='lat' dir='ltr'><strong>chartas</strong></span> 
     </span>
     <span class='ocr_line' id='line_1_4' title="bbox 313 374 1036 427; baseline 0.004 -14"><span class='ocrx_word' id='word_1_13' title='bbox 313 374 528 425; x_wconf 87' lang='lat' dir='ltr'><strong>reuisitote,</strong></span> <span class='ocrx_word' id='word_1_14' title='bbox 557 377 628 416; x_wconf 92' lang='lat' dir='ltr'><strong>sed</strong></span> <span class='ocrx_word' id='word_1_15' title='bbox 657 378 854 427; x_wconf 90' lang='lat' dir='ltr'><strong>pudenter</strong></span> <span class='ocrx_word' id='word_1_16' title='bbox 883 384 921 416; x_wconf 91' lang='lat' dir='ltr'><strong>et</strong></span> <span class='ocrx_word' id='word_1_17' title='bbox 950 390 1036 416; x_wconf 83' lang='lat' dir='ltr'><strong>raro</strong></span> 
     </span>
    </p>
   </div>
   <div class='ocr_carea' id='block_1_3' title="bbox 916 585 975 623">
    <p class='ocr_par' dir='ltr' id='par_1_3' title="bbox 916 585 975 623">
     <span class='ocr_line' id='line_1_5' title="bbox 916 585 975 623; baseline 0.017 -1"><span class='ocrx_word' id='word_1_18' title='bbox 916 585 975 623; x_wconf 93' lang='lat' dir='ltr'><strong>VI</strong></span> 
     </span>
    </p>
   </div>
   <div class='ocr_carea' id='block_1_4' title="bbox 313 675 1659 1050">
    <p class='ocr_par' dir='ltr' id='par_1_4' title="bbox 313 675 1659 1050">
     <span class='ocr_line' id='line_1_6' title="bbox 369 675 1102 724; baseline 0 -9"><span class='ocrx_word' id='word_1_19' title='bbox 369 678 498 722; x_wconf 84' lang='lat' dir='ltr'><strong>Socer,</strong></span> <span class='ocrx_word' id='word_1_20' title='bbox 532 676 646 715; x_wconf 82' lang='lat' dir='ltr'><strong>beate</strong></span> <span class='ocrx_word' id='word_1_21' title='bbox 662 688 749 724; x_wconf 58' lang='lat' dir='ltr'><strong>„nec</strong></span> <span class='ocrx_word' id='word_1_22' title='bbox 779 675 850 714; x_wconf 90' lang='lat' dir='ltr'><strong>tibi</strong></span> <span class='ocrx_word' id='word_1_23' title='bbox 880 689 954 715; x_wconf 91' lang='lat' dir='ltr'><strong>nec</strong></span> <span class='ocrx_word' id='word_1_24' title='bbox 982 677 1102 724; x_wconf 82' lang='lat' dir='ltr'><strong>alteri,</strong></span> 
     </span>
     <span class='ocr_line' id='line_1_7' title="bbox 313 739 1130 791; baseline 0.002 -13"><span class='ocrx_word' id='word_1_25' title='bbox 313 753 512 790; x_wconf 77' lang='lat' dir='ltr'><strong>generque</strong></span> <span class='ocrx_word' id='word_1_26' title='bbox 542 739 754 788; x_wconf 84' lang='lat' dir='ltr'><strong>Noctuine,</strong></span> <span class='ocrx_word' id='word_1_27' title='bbox 787 740 971 791; x_wconf 82' lang='lat' dir='ltr'><strong>putidum</strong></span> <span class='ocrx_word' id='word_1_28' title='bbox 1001 748 1130 791; x_wconf 81' lang='lat' dir='ltr'><strong>caput,</strong></span> 
     </span>
     <span class='ocr_line' id='line_1_8' title="bbox 315 804 1013 855; baseline 0.003 -13"><span class='ocrx_word' id='word_1_29' title='bbox 315 811 436 843; x_wconf 89' lang='lat' dir='ltr'><strong>tuone</strong></span> <span class='ocrx_word' id='word_1_30' title='bbox 465 817 571 843; x_wconf 89' lang='lat' dir='ltr'><strong>nunc</strong></span> <span class='ocrx_word' id='word_1_31' title='bbox 601 806 732 855; x_wconf 83' lang='lat' dir='ltr'><strong>puella</strong></span> <span class='ocrx_word' id='word_1_32' title='bbox 760 804 826 843; x_wconf 78' lang='lat' dir='ltr'><strong>tali</strong></span> <span class='ocrx_word' id='word_1_33' title='bbox 876 812 915 844; x_wconf 92' lang='lat' dir='ltr'><strong>et</strong></span> <span class='ocrx_word' id='word_1_34' title='bbox 944 812 1013 844; x_wconf 92' lang='lat' dir='ltr'><strong>tuo</strong></span> 
     </span>
     <span class='ocr_line' id='line_1_9' title="bbox 314 869 1644 920; baseline 0.002 -14"><span class='ocrx_word' id='word_1_35' title='bbox 314 875 474 918; x_wconf 84' lang='lat' dir='ltr'><strong>stupore</strong></span> <span class='ocrx_word' id='word_1_36' title='bbox 503 883 635 920; x_wconf 80' lang='lat' dir='ltr'><strong>pressa</strong></span> <span class='ocrx_word' id='word_1_37' title='bbox 665 883 729 908; x_wconf 90' lang='lat' dir='ltr'><strong>rus</strong></span> <span class='ocrx_word' id='word_1_38' title='bbox 759 870 823 909; x_wconf 80' lang='lat' dir='ltr'><strong>abl</strong></span> <span class='ocrx_word' id='word_1_39' title='bbox 856 869 914 908; x_wconf 86' lang='lat' dir='ltr'><strong>it?</strong></span> <span class='ocrx_word' id='word_1_40' title='bbox 954 870 989 909; x_wconf 91' lang='lat' dir='ltr'><strong>ei</strong></span> <span class='ocrx_word' id='word_1_41' title='bbox 1018 869 1130 919; x_wconf 82' lang='lat' dir='ltr'><strong>mihi,</strong></span> <span class='ocrx_word' id='word_1_42' title='bbox 1638 914 1644 919; x_wconf 62' lang='lat'>„</span> 
     </span>
     <span class='ocr_line' id='line_1_10' title="bbox 315 931 1659 985; baseline 0.003 -14"><span class='ocrx_word' id='word_1_43' title='bbox 315 940 357 971; x_wconf 92' lang='lat' dir='ltr'><strong>ut</strong></span> <span class='ocrx_word' id='word_1_44' title='bbox 386 933 450 972; x_wconf 92' lang='lat' dir='ltr'><strong>ille</strong></span> <span class='ocrx_word' id='word_1_45' title='bbox 479 947 614 973; x_wconf 89' lang='lat' dir='ltr'><strong>uersus</strong></span> <span class='ocrx_word' id='word_1_46' title='bbox 645 948 931 985; x_wconf 80' lang='lat' dir='ltr'><strong>usquequaque</strong></span> <span class='ocrx_word' id='word_1_47' title='bbox 960 935 1156 985; x_wconf 84' lang='lat' dir='ltr'><strong>pertinet:</strong></span> <span class='ocrx_word' id='word_1_48' title='bbox 1627 931 1659 983; x_wconf 22' lang='lat'><strong>5*</strong></span> 
     </span>
     <span class='ocr_line' id='line_1_11' title="bbox 317 1000 1134 1050; baseline 0.001 -13"><span class='ocrx_word' id='word_1_49' title='bbox 317 1002 460 1049; x_wconf 81' lang='lat' dir='ltr'><strong>‘gener</strong></span> <span class='ocrx_word' id='word_1_50' title='bbox 489 1012 690 1050; x_wconf 88' lang='lat' dir='ltr'><strong>socerque,</strong></span> <span class='ocrx_word' id='word_1_51' title='bbox 722 1000 946 1050; x_wconf 84' lang='lat' dir='ltr'><strong>perdidistis</strong></span> <span class='ocrx_word' id='word_1_52' title='bbox 976 1000 1134 1040; x_wconf 86' lang='lat' dir='ltr'><strong>omnia.&#39;</strong></span> 
     </span>
    </p>
   </div>
   <div class='ocr_carea' id='block_1_5' title="bbox 894 1233 976 1270">
    <p class='ocr_par' dir='ltr' id='par_1_5' title="bbox 894 1233 976 1270">
     <span class='ocr_line' id='line_1_12' title="bbox 894 1233 976 1270; baseline 0.024 -2"><span class='ocrx_word' id='word_1_53' title='bbox 894 1233 976 1270; x_wconf 89' lang='lat' dir='ltr'><strong>VII</strong></span> 
     </span>
    </p>
   </div>
   <div class='ocr_carea' id='block_1_6' title="bbox 316 1322 1454 1568">
    <p class='ocr_par' dir='ltr' id='par_1_6' title="bbox 316 1322 1454 1440">
     <span class='ocr_line' id='line_1_13' title="bbox 316 1322 1454 1373; baseline 0 -11"><span class='ocrx_word' id='word_1_54' title='bbox 316 1322 473 1362; x_wconf 87' lang='lat' dir='ltr'><strong>Scilicet</strong></span> <span class='ocrx_word' id='word_1_55' title='bbox 502 1324 579 1362; x_wconf 91' lang='lat' dir='ltr'><strong>hoc</strong></span> <span class='ocrx_word' id='word_1_56' title='bbox 609 1322 693 1362; x_wconf 87' lang='lat' dir='ltr'><strong>sine</strong></span> <span class='ocrx_word' id='word_1_57' title='bbox 723 1325 871 1371; x_wconf 80' lang='lat' dir='ltr'><strong>fraude,</strong></span> <span class='ocrx_word' id='word_1_58' title='bbox 904 1324 997 1363; x_wconf 81' lang='lat' dir='ltr'><strong>Vari</strong></span> <span class='ocrx_word' id='word_1_59' title='bbox 1027 1323 1266 1373; x_wconf 84' lang='lat' dir='ltr'><strong>dulcissime,</strong></span> <span class='ocrx_word' id='word_1_60' title='bbox 1298 1324 1454 1363; x_wconf 81' lang='lat' dir='ltr'><strong>dicam:</strong></span> 
     </span>
     <span class='ocr_line' id='line_1_14' title="bbox 370 1387 1261 1440; baseline 0.001 -14"><span class='ocrx_word' id='word_1_61' title='bbox 370 1387 602 1438; x_wconf 82' lang='lat' dir='ltr'><strong>dispeream,</strong></span> <span class='ocrx_word' id='word_1_62' title='bbox 635 1388 709 1427; x_wconf 89' lang='lat' dir='ltr'><strong>nisi</strong></span> <span class='ocrx_word' id='word_1_63' title='bbox 739 1402 802 1428; x_wconf 89' lang='lat' dir='ltr'><strong>me</strong></span> <span class='ocrx_word' id='word_1_64' title='bbox 832 1389 1004 1439; x_wconf 88' lang='lat' dir='ltr'><strong>perdidit</strong></span> <span class='ocrx_word' id='word_1_65' title='bbox 1033 1389 1106 1428; x_wconf 88' lang='lat' dir='ltr'><strong>iste</strong></span> <span class='ocrx_word' id='word_1_66' title='bbox 1135 1396 1261 1440; x_wconf 87' lang='lat' dir='ltr'><strong>putus.</strong></span> 
     </span>
    </p>

    <p class='ocr_par' dir='ltr' id='par_1_7' title="bbox 316 1452 1334 1568">
     <span class='ocr_line' id='line_1_15' title="bbox 316 1452 1334 1504; baseline 0.002 -13"><span class='ocrx_word' id='word_1_67' title='bbox 316 1452 375 1491; x_wconf 89' lang='lat' dir='ltr'><strong>sin</strong></span> <span class='ocrx_word' id='word_1_68' title='bbox 405 1460 538 1492; x_wconf 84' lang='lat' dir='ltr'><strong>autern</strong></span> <span class='ocrx_word' id='word_1_69' title='bbox 568 1461 778 1504; x_wconf 78' lang='lat' dir='ltr'><strong>praecepta</strong></span> <span class='ocrx_word' id='word_1_70' title='bbox 807 1461 943 1492; x_wconf 85' lang='lat' dir='ltr'><strong>uetant</strong></span> <span class='ocrx_word' id='word_1_71' title='bbox 972 1467 1037 1493; x_wconf 89' lang='lat' dir='ltr'><strong>me</strong></span> <span class='ocrx_word' id='word_1_72' title='bbox 1065 1454 1207 1501; x_wconf 89' lang='lat' dir='ltr'><strong>dicere,</strong></span> <span class='ocrx_word' id='word_1_73' title='bbox 1239 1467 1334 1493; x_wconf 86' lang='lat' dir='ltr'><strong>sane</strong></span> 
     </span>
     <span class='ocr_line' id='line_1_16' title="bbox 369 1516 1257 1568; baseline 0.001 -14"><span class='ocrx_word' id='word_1_74' title='bbox 369 1530 450 1555; x_wconf 92' lang='lat' dir='ltr'><strong>non</strong></span> <span class='ocrx_word' id='word_1_75' title='bbox 480 1516 622 1564; x_wconf 79' lang='lat' dir='ltr'><strong>dicam,</strong></span> <span class='ocrx_word' id='word_1_76' title='bbox 655 1518 725 1556; x_wconf 88' lang='lat' dir='ltr'><strong>sed</strong></span> <span class='ocrx_word' id='word_1_77' title='bbox 755 1530 819 1556; x_wconf 88' lang='lat' dir='ltr'><strong>me</strong></span> <span class='ocrx_word' id='word_1_78' title='bbox 847 1517 1020 1568; x_wconf 91' lang='lat' dir='ltr'><strong>perdidit</strong></span> <span class='ocrx_word' id='word_1_79' title='bbox 1049 1517 1121 1556; x_wconf 89' lang='lat' dir='ltr'><strong>iste</strong></span> <span class='ocrx_word' id='word_1_80' title='bbox 1151 1531 1257 1568; x_wconf 90' lang='lat' dir='ltr'><strong>puer.</strong></span> 
     </span>
    </p>
   </div>
   <div class='ocr_carea' id='block_1_7' title="bbox 423 1619 1538 1660">
    <p class='ocr_par' dir='ltr' id='par_1_8' title="bbox 423 1619 1538 1660">
     <span class='ocr_line' id='line_1_17' title="bbox 423 1619 1538 1660; baseline 0.001 -10"><span class='ocrx_word' id='word_1_81' title='bbox 423 1619 480 1650; x_wconf 92' lang='lat' dir='ltr'><strong>VI.</strong></span> <span class='ocrx_word' id='word_1_82' title='bbox 498 1621 519 1650; x_wconf 89' lang='lat'><strong>6</strong></span> <span class='ocrx_word' id='word_1_83' title='bbox 545 1619 663 1653; x_wconf 75' lang='lat' dir='ltr'><em>Catull.</em></span> <span class='ocrx_word' id='word_1_84' title='bbox 682 1619 813 1650; x_wconf 86' lang='lat' dir='ltr'>XXIX.</span> <span class='ocrx_word' id='word_1_85' title='bbox 834 1629 875 1658; x_wconf 85' lang='lat'><strong>24</strong></span> <span class='ocrx_word' id='word_1_86' title='bbox 893 1619 1000 1650; x_wconf 89' lang='lat' dir='ltr'><strong>Socer</strong></span> <span class='ocrx_word' id='word_1_87' title='bbox 1017 1629 1185 1660; x_wconf 83' lang='lat' dir='ltr'><strong>generque</strong></span> <span class='ocrx_word' id='word_1_88' title='bbox 1201 1619 1398 1660; x_wconf 87' lang='lat' dir='ltr'><strong>perdidistis</strong></span> <span class='ocrx_word' id='word_1_89' title='bbox 1416 1620 1538 1651; x_wconf 84' lang='lat' dir='ltr'><strong>omnia.</strong></span> 
     </span>
    </p>
   </div>
   <div class='ocr_carea' id='block_1_8' title="bbox 312 1712 1652 2405">
    <p class='ocr_par' dir='ltr' id='par_1_9' title="bbox 315 1712 1649 1787">
     <span class='ocr_line' id='line_1_18' title="bbox 361 1712 1649 1754; baseline 0.001 -11"><span class='ocrx_word' id='word_1_90' title='bbox 361 1722 400 1743; x_wconf 88' lang='lat'><strong>12</strong></span> <span class='ocrx_word' id='word_1_91' title='bbox 425 1712 583 1743; x_wconf 85' lang='lat' dir='ltr'><strong>fatebitur</strong></span> <span class='ocrx_word' id='word_1_92' title='bbox 601 1712 634 1743; x_wconf 89' lang='grc' dir='ltr'><em>Β</em></span> <span class='ocrx_word' id='word_1_93' title='bbox 650 1712 741 1753; x_wconf 83' lang='lat' dir='ltr'><strong>quod</strong></span> <span class='ocrx_word' id='word_1_94' title='bbox 754 1713 859 1743; x_wconf 76' lang='lat' dir='ltr'><strong>tuitus</strong></span> <span class='ocrx_word' id='word_1_95' title='bbox 874 1716 921 1744; x_wconf 83' lang='lat' dir='ltr'><strong>est</strong></span> <span class='ocrx_word' id='word_1_96' title='bbox 935 1713 1110 1744; x_wconf 77' lang='lat' dir='ltr'><strong>Buecheler</strong></span> <span class='ocrx_word' id='word_1_97' title='bbox 1123 1716 1301 1752; x_wconf 80' lang='lat' dir='ltr'><strong>tamquam</strong></span> <span class='ocrx_word' id='word_1_98' title='bbox 1314 1713 1496 1754; x_wconf 73' lang='lat' dir='ltr'><strong>passimam</strong></span> <span class='ocrx_word' id='word_1_99' title='bbox 1611 1723 1649 1752; x_wconf 86' lang='lat'><strong>13</strong></span> 
     </span>
     <span class='ocr_line' id='line_1_19' title="bbox 315 1756 1190 1787; baseline 0.001 -1"><span class='ocrx_word' id='word_1_100' title='bbox 315 1761 425 1787; x_wconf 86' lang='lat' dir='ltr'><strong>tamen</strong></span> <span class='ocrx_word' id='word_1_101' title='bbox 446 1766 539 1787; x_wconf 84' lang='lat' dir='ltr'><strong>meas</strong></span> <span class='ocrx_word' id='word_1_102' title='bbox 555 1756 611 1786; x_wconf 71' lang='lat' dir='ltr'><strong>Bu</strong></span> <span class='ocrx_word' id='word_1_103' title='bbox 628 1768 635 1786; x_wconf 72' lang='grc' dir='ltr'>ε</span> <span class='ocrx_word' id='word_1_104' title='bbox 659 1758 780 1787; x_wconf 87' lang='lat' dir='ltr'><strong>timeas</strong></span> <span class='ocrx_word' id='word_1_105' title='bbox 796 1756 858 1787; x_wconf 92' lang='lat' dir='ltr'><strong>M:</strong></span> <span class='ocrx_word' id='word_1_106' title='bbox 881 1757 915 1787; x_wconf 89' lang='lat' dir='ltr'><strong>in</strong></span> <span class='ocrx_word' id='word_1_107' title='bbox 935 1767 1025 1787; x_wconf 85' lang='lat' dir='ltr'><strong>meas</strong></span> <span class='ocrx_word' id='word_1_108' title='bbox 1041 1756 1190 1787; x_wconf 76' lang='lat' dir='ltr'><strong>ArMed.</strong></span> 
     </span>
    </p>

    <p class='ocr_par' dir='ltr' id='par_1_10' title="bbox 313 1798 1652 2273">
     <span class='ocr_line' id='line_1_20' title="bbox 358 1798 1649 1839; baseline 0.001 -9"><span class='ocrx_word' id='word_1_109' title='bbox 358 1800 417 1830; x_wconf 92' lang='lat' dir='ltr'><strong>V1.</strong></span> <span class='ocrx_word' id='word_1_110' title='bbox 443 1810 462 1829; x_wconf 88' lang='lat'><em>2</em></span> <span class='ocrx_word' id='word_1_111' title='bbox 487 1805 587 1830; x_wconf 91' lang='lat' dir='ltr'><strong>noctu</strong></span> <span class='ocrx_word' id='word_1_112' title='bbox 620 1800 652 1830; x_wconf 89' lang='lat' dir='ltr'><strong>in</strong></span> <span class='ocrx_word' id='word_1_113' title='bbox 685 1801 887 1839; x_wconf 85' lang='lat' dir='ltr'><strong>prudentum</strong></span> <span class='ocrx_word' id='word_1_114' title='bbox 913 1800 968 1831; x_wconf 86' lang='lat' dir='ltr'><strong>B:</strong></span> <span class='ocrx_word' id='word_1_115' title='bbox 1007 1805 1109 1830; x_wconf 87' lang='lat' dir='ltr'><strong>noctu</strong></span> <span class='ocrx_word' id='word_1_116' title='bbox 1150 1800 1346 1839; x_wconf 86' lang='lat' dir='ltr'><strong>inpudicum</strong></span> <span class='ocrx_word' id='word_1_117' title='bbox 1387 1798 1649 1831; x_wconf 76' lang='lat' dir='ltr'><strong>MArnMed.:</strong></span> 
     </span>
     <span class='ocr_line' id='line_1_21' title="bbox 316 1842 1649 1883; baseline 0.001 -11"><span class='ocrx_word' id='word_1_118' title='bbox 316 1842 494 1882; x_wconf 84' lang='lat' dir='ltr'><strong>Noctuine,</strong></span> <span class='ocrx_word' id='word_1_119' title='bbox 516 1844 666 1883; x_wconf 88' lang='lat' dir='ltr'><strong>putidum</strong></span> <span class='ocrx_word' id='word_1_120' title='bbox 685 1843 811 1873; x_wconf 78' lang='lat' dir='ltr'><strong>Aldina</strong></span> <span class='ocrx_word' id='word_1_121' title='bbox 832 1852 913 1882; x_wconf 85' lang='lat'><strong>1517</strong></span> <span class='ocrx_word' id='word_1_122' title='bbox 1004 1844 1111 1883; x_wconf 83' lang='lat' dir='ltr'><strong>capud</strong></span> <span class='ocrx_word' id='word_1_123' title='bbox 1128 1843 1161 1873; x_wconf 90' lang='lat' dir='ltr'><em>B</em></span> <span class='ocrx_word' id='word_1_124' title='bbox 1249 1853 1268 1882; x_wconf 84' lang='lat'><strong>3</strong></span> <span class='ocrx_word' id='word_1_125' title='bbox 1292 1848 1415 1882; x_wconf 84' lang='lat' dir='ltr'><strong>tuoque</strong></span> <span class='ocrx_word' id='word_1_126' title='bbox 1432 1842 1626 1874; x_wconf 77' lang='lat' dir='ltr'><strong>BArMed.</strong></span> <span class='ocrx_word' id='word_1_127' title='bbox 1643 1855 1649 1874; x_wconf 73' lang='grc' dir='ltr'>ε</span> 
     </span>
     <span class='ocr_line' id='line_1_22' title="bbox 316 1885 1647 1927; baseline 0.002 -12"><span class='ocrx_word' id='word_1_128' title='bbox 316 1892 438 1926; x_wconf 87' lang='lat' dir='ltr'><strong>tuaque</strong></span> <span class='ocrx_word' id='word_1_129' title='bbox 463 1886 521 1918; x_wconf 79' lang='lat' dir='ltr'><strong>M:</strong></span> <span class='ocrx_word' id='word_1_130' title='bbox 543 1892 644 1918; x_wconf 87' lang='lat' dir='ltr'><strong>tuone</strong></span> <span class='ocrx_word' id='word_1_131' title='bbox 668 1886 816 1927; x_wconf 72' lang='lat' dir='ltr'><strong>Scaliger</strong></span> <span class='ocrx_word' id='word_1_132' title='bbox 941 1886 990 1927; x_wconf 89' lang='lat' dir='ltr'><strong>et]</strong></span> <span class='ocrx_word' id='word_1_133' title='bbox 1017 1888 1082 1917; x_wconf 88' lang='lat' dir='ltr'><strong>heu</strong></span> <span class='ocrx_word' id='word_1_134' title='bbox 1107 1885 1271 1927; x_wconf 79' lang='lat' dir='ltr'><strong>Scaliger:</strong></span> <span class='ocrx_word' id='word_1_135' title='bbox 1298 1887 1340 1917; x_wconf 86' lang='lat' dir='ltr'><strong>ah</strong></span> <span class='ocrx_word' id='word_1_136' title='bbox 1368 1886 1590 1927; x_wconf 82' lang='lat' dir='ltr'><strong>Oudendorp:</strong></span> <span class='ocrx_word' id='word_1_137' title='bbox 1618 1887 1647 1917; x_wconf 86' lang='lat' dir='ltr'><strong>ei</strong></span> 
     </span>
     <span class='ocr_line' id='line_1_23' title="bbox 315 1928 1646 1969; baseline 0.001 -10"><span class='ocrx_word' id='word_1_138' title='bbox 315 1928 437 1969; x_wconf 80' lang='lat' dir='ltr'><em>Haupt</em></span> <span class='ocrx_word' id='word_1_139' title='bbox 601 1941 620 1968; x_wconf 86' lang='lat'><strong>4</strong></span> <span class='ocrx_word' id='word_1_140' title='bbox 645 1939 825 1969; x_wconf 87' lang='lat' dir='ltr'><strong>pressurus</strong></span> <span class='ocrx_word' id='word_1_141' title='bbox 840 1929 873 1960; x_wconf 86' lang='grc' dir='ltr'><em>Β</em></span> <span class='ocrx_word' id='word_1_142' title='bbox 983 1930 1086 1961; x_wconf 86' lang='lat' dir='ltr'><strong>abibit</strong></span> <span class='ocrx_word' id='word_1_143' title='bbox 1106 1935 1139 1960; x_wconf 91' lang='lat' dir='ltr'><strong>et</strong></span> <span class='ocrx_word' id='word_1_144' title='bbox 1156 1929 1188 1960; x_wconf 90' lang='grc' dir='ltr'><em>Β</em></span> <span class='ocrx_word' id='word_1_145' title='bbox 1206 1942 1212 1960; x_wconf 92' lang='lat'>:</span> <span class='ocrx_word' id='word_1_146' title='bbox 1237 1930 1365 1961; x_wconf 85' lang='lat' dir='ltr'><strong>habitet</strong></span> <span class='ocrx_word' id='word_1_147' title='bbox 1382 1929 1424 1959; x_wconf 94' lang='lat' dir='ltr'><em>M</em></span> <span class='ocrx_word' id='word_1_148' title='bbox 1437 1929 1525 1961; x_wconf 86' lang='lat' dir='ltr'><strong>Aru</strong></span> <span class='ocrx_word' id='word_1_149' title='bbox 1541 1929 1646 1961; x_wconf 52' lang='lat' dir='ltr'><strong>Mean:</strong></span> 
     </span>
     <span class='ocr_line' id='line_1_24' title="bbox 315 1972 1652 2014; baseline 0.001 -11"><span class='ocrx_word' id='word_1_150' title='bbox 315 1973 419 2003; x_wconf 88' lang='lat' dir='ltr'><strong>abibit</strong></span> <span class='ocrx_word' id='word_1_151' title='bbox 447 1973 501 2004; x_wconf 90' lang='lat' dir='ltr'><strong>hei</strong></span> <span class='ocrx_word' id='word_1_152' title='bbox 524 1972 633 2005; x_wconf 71' lang='lat' dir='ltr'><strong>ScaL:</strong></span> <span class='ocrx_word' id='word_1_153' title='bbox 657 1973 774 2012; x_wconf 82' lang='lat' dir='ltr'><strong>scripsi</strong></span> <span class='ocrx_word' id='word_1_154' title='bbox 796 1973 900 2004; x_wconf 85' lang='lat' dir='ltr'><strong>abiuit</strong></span> <span class='ocrx_word' id='word_1_155' title='bbox 918 1973 1008 2012; x_wconf 83' lang='lat' dir='ltr'><strong>qnod</strong></span> <span class='ocrx_word' id='word_1_156' title='bbox 1018 1973 1157 2012; x_wconf 81' lang='lat' dir='ltr'><strong>facilius</strong></span> <span class='ocrx_word' id='word_1_157' title='bbox 1181 1974 1216 2004; x_wconf 85' lang='lat' dir='ltr'><strong>in</strong></span> <span class='ocrx_word' id='word_1_158' title='bbox 1241 1974 1311 2004; x_wconf 91' lang='lat' dir='ltr'><strong>abit</strong></span> <span class='ocrx_word' id='word_1_159' title='bbox 1336 1974 1507 2014; x_wconf 78' lang='lat' dir='ltr'><strong>corrumpi</strong></span> <span class='ocrx_word' id='word_1_160' title='bbox 1522 1977 1652 2014; x_wconf 79' lang='lat' dir='ltr'><strong>poterat</strong></span> 
     </span>
     <span class='ocr_line' id='line_1_25' title="bbox 314 2016 1648 2057; baseline 0 -10"><span class='ocrx_word' id='word_1_161' title='bbox 314 2018 335 2046; x_wconf 92' lang='lat'><strong>6</strong></span> <span class='ocrx_word' id='word_1_162' title='bbox 360 2026 459 2047; x_wconf 87' lang='lat' dir='ltr'><strong>socer</strong></span> <span class='ocrx_word' id='word_1_163' title='bbox 472 2027 646 2056; x_wconf 87' lang='lat' dir='ltr'><strong>generque</strong></span> <span class='ocrx_word' id='word_1_164' title='bbox 669 2017 786 2048; x_wconf 84' lang='lat' dir='ltr'><strong>codices</strong></span> <span class='ocrx_word' id='word_1_165' title='bbox 812 2016 946 2055; x_wconf 74' lang='lat' dir='ltr'><strong>Catulli,</strong></span> <span class='ocrx_word' id='word_1_166' title='bbox 964 2027 1062 2057; x_wconf 76' lang='lat' dir='ltr'><strong>quern</strong></span> <span class='ocrx_word' id='word_1_167' title='bbox 1086 2016 1233 2048; x_wconf 75' lang='lat' dir='ltr'><strong>ordinem</strong></span> <span class='ocrx_word' id='word_1_168' title='bbox 1252 2017 1426 2047; x_wconf 83' lang='lat' dir='ltr'><strong>uerborum</strong></span> <span class='ocrx_word' id='word_1_169' title='bbox 1444 2021 1526 2047; x_wconf 81' lang='lat' dir='ltr'><strong>sunt</strong></span> <span class='ocrx_word' id='word_1_170' title='bbox 1540 2017 1648 2056; x_wconf 84' lang='lat' dir='ltr'><strong>quiin</strong></span> 
     </span>
     <span class='ocr_line' id='line_1_26' title="bbox 314 2059 1648 2101; baseline 0.001 -12"><span class='ocrx_word' id='word_1_171' title='bbox 314 2060 564 2100; x_wconf 65' lang='lat' dir='ltr'><strong>epigrammatis</strong></span> <span class='ocrx_word' id='word_1_172' title='bbox 582 2069 717 2090; x_wconf 82' lang='lat' dir='ltr'><strong>uersum</strong></span> <span class='ocrx_word' id='word_1_173' title='bbox 734 2061 957 2091; x_wconf 78' lang='lat' dir='ltr'><strong>reuocauerint</strong></span> <span class='ocrx_word' id='word_1_174' title='bbox 1044 2060 1153 2100; x_wconf 70' lang='lat' dir='ltr'><strong>fuistis</strong></span> <span class='ocrx_word' id='word_1_175' title='bbox 1169 2060 1362 2100; x_wconf 87' lang='lat' dir='ltr'><strong>perdidistis</strong></span> <span class='ocrx_word' id='word_1_176' title='bbox 1379 2059 1424 2098; x_wconf 86' lang='lat' dir='ltr'><strong>B,</strong></span> <span class='ocrx_word' id='word_1_177' title='bbox 1436 2065 1496 2101; x_wconf 85' lang='lat' dir='ltr'><strong>per</strong></span> <span class='ocrx_word' id='word_1_178' title='bbox 1509 2070 1648 2091; x_wconf 83' lang='lat' dir='ltr'><strong>errorem</strong></span> 
     </span>
     <span class='ocr_line' id='line_1_27' title="bbox 313 2102 1652 2144; baseline 0.001 -11"><span class='ocrx_word' id='word_1_179' title='bbox 313 2103 405 2134; x_wconf 89' lang='lat' dir='ltr'><strong>credo</strong></span> <span class='ocrx_word' id='word_1_180' title='bbox 416 2108 480 2144; x_wconf 83' lang='lat' dir='ltr'><strong>pro</strong></span> <span class='ocrx_word' id='word_1_181' title='bbox 497 2104 715 2144; x_wconf 84' lang='lat' dir='ltr'><strong>(es)futuistis</strong></span> <span class='ocrx_word' id='word_1_182' title='bbox 732 2114 942 2143; x_wconf 76' lang='lat' dir='ltr'><strong>quamquam</strong></span> <span class='ocrx_word' id='word_1_183' title='bbox 960 2107 1072 2134; x_wconf 71' lang='lat' dir='ltr'><strong>contra</strong></span> <span class='ocrx_word' id='word_1_184' title='bbox 1091 2107 1235 2135; x_wconf 79' lang='lat' dir='ltr'><strong>metrum</strong></span> <span class='ocrx_word' id='word_1_185' title='bbox 1337 2102 1338 2105; x_wconf 34' lang='lat'>¹</span> <span class='ocrx_word' id='word_1_186' title='bbox 1397 2105 1461 2143; x_wconf 83' lang='lat'><strong>3-6</strong></span> <span class='ocrx_word' id='word_1_187' title='bbox 1477 2102 1652 2134; x_wconf 75' lang='lat' dir='ltr'><strong>Buecheler</strong></span> 
     </span>
     <span class='ocr_line' id='line_1_28' title="bbox 314 2145 1648 2187; baseline 0.001 -11"><span class='ocrx_word' id='word_1_188' title='bbox 314 2145 379 2176; x_wconf 68' lang='lat' dir='ltr'><em>Rlz.</em></span> <span class='ocrx_word' id='word_1_189' title='bbox 399 2146 489 2178; x_wconf 76' lang='lat' dir='ltr'><strong>Mus.</strong></span> <span class='ocrx_word' id='word_1_190' title='bbox 511 2146 595 2178; x_wconf 90' lang='lat' dir='ltr'>LIV.</span> <span class='ocrx_word' id='word_1_191' title='bbox 611 2152 645 2187; x_wconf 79' lang='lat' dir='ltr'><strong>p.</strong></span> <span class='ocrx_word' id='word_1_192' title='bbox 664 2158 683 2186; x_wconf 89' lang='lat'>4</span> <span class='ocrx_word' id='word_1_193' title='bbox 707 2147 751 2177; x_wconf 78' lang='lat' dir='ltr'><strong>sic</strong></span> <span class='ocrx_word' id='word_1_194' title='bbox 773 2147 928 2178; x_wconf 79' lang='lat' dir='ltr'><strong>scribebat</strong></span> <span class='ocrx_word' id='word_1_195' title='bbox 945 2151 1069 2185; x_wconf 89' lang='lat' dir='ltr'><strong>tuoque</strong></span> <span class='ocrx_word' id='word_1_196' title='bbox 1095 2157 1184 2178; x_wconf 89' lang='lat' dir='ltr'><strong>nunc</strong></span> <span class='ocrx_word' id='word_1_197' title='bbox 1203 2147 1314 2187; x_wconf 86' lang='lat' dir='ltr'><strong>puella</strong></span> <span class='ocrx_word' id='word_1_198' title='bbox 1339 2146 1416 2178; x_wconf 78' lang='lat' dir='ltr'><strong>talis</strong></span> <span class='ocrx_word' id='word_1_199' title='bbox 1440 2151 1474 2177; x_wconf 88' lang='lat' dir='ltr'><strong>et</strong></span> <span class='ocrx_word' id='word_1_200' title='bbox 1497 2151 1554 2178; x_wconf 85' lang='lat' dir='ltr'><strong>tuo</strong></span> <span class='ocrx_word' id='word_1_201' title='bbox 1578 2152 1648 2178; x_wconf 87' lang='lat' dir='ltr'><strong>stu-</strong></span> 
     </span>
     <span class='ocr_line' id='line_1_29' title="bbox 314 2190 1648 2231; baseline 0.001 -11"><span class='ocrx_word' id='word_1_202' title='bbox 314 2200 396 2229; x_wconf 85' lang='lat' dir='ltr'><strong>pore</strong></span> <span class='ocrx_word' id='word_1_203' title='bbox 422 2200 541 2229; x_wconf 89' lang='lat' dir='ltr'><strong>pressa</strong></span> <span class='ocrx_word' id='word_1_204' title='bbox 562 2200 619 2221; x_wconf 90' lang='lat' dir='ltr'><strong>rus</strong></span> <span class='ocrx_word' id='word_1_205' title='bbox 637 2190 750 2229; x_wconf 84' lang='lat' dir='ltr'><strong>abibit,</strong></span> <span class='ocrx_word' id='word_1_206' title='bbox 770 2195 803 2221; x_wconf 86' lang='lat' dir='ltr'><strong>et</strong></span> <span class='ocrx_word' id='word_1_207' title='bbox 826 2191 987 2220; x_wconf 83' lang='lat' dir='ltr'><strong>mihi—ut</strong></span> <span class='ocrx_word' id='word_1_208' title='bbox 1012 2190 1068 2221; x_wconf 89' lang='lat' dir='ltr'><strong>ille</strong></span> <span class='ocrx_word' id='word_1_209' title='bbox 1091 2201 1213 2222; x_wconf 89' lang='lat' dir='ltr'><strong>uersus</strong></span> <span class='ocrx_word' id='word_1_210' title='bbox 1236 2200 1474 2231; x_wconf 87' lang='lat' dir='ltr'><strong>usquequaque</strong></span> <span class='ocrx_word' id='word_1_211' title='bbox 1500 2191 1648 2230; x_wconf 87' lang='lat' dir='ltr'><strong>pertinet</strong></span> 
     </span>
     <span class='ocr_line' id='line_1_30' title="bbox 314 2234 993 2273; baseline 0 -9"><span class='ocrx_word' id='word_1_212' title='bbox 314 2244 464 2272; x_wconf 88' lang='lat' dir='ltr'><strong>—gener</strong></span> <span class='ocrx_word' id='word_1_213' title='bbox 479 2244 652 2273; x_wconf 79' lang='lat' dir='ltr'><strong>socerque,</strong></span> <span class='ocrx_word' id='word_1_214' title='bbox 671 2234 867 2273; x_wconf 86' lang='lat' dir='ltr'><strong>perdidistis</strong></span> <span class='ocrx_word' id='word_1_215' title='bbox 883 2234 993 2264; x_wconf 86' lang='lat' dir='ltr'><strong>omnia</strong></span> 
     </span>
    </p>

    <p class='ocr_par' dir='ltr' id='par_1_11' title="bbox 312 2276 1650 2405">
     <span class='ocr_line' id='line_1_31' title="bbox 357 2276 1650 2318; baseline 0 -11"><span class='ocrx_word' id='word_1_216' title='bbox 357 2277 434 2309; x_wconf 89' lang='lat' dir='ltr'><strong>VII.</strong></span> <span class='ocrx_word' id='word_1_217' title='bbox 456 2287 475 2308; x_wconf 83' lang='lat'><em>2</em></span> <span class='ocrx_word' id='word_1_218' title='bbox 488 2278 614 2317; x_wconf 84' lang='lat' dir='ltr'><strong>pothus</strong></span> <span class='ocrx_word' id='word_1_219' title='bbox 629 2277 724 2308; x_wconf 85' lang='lat' dir='ltr'><strong>BM:</strong></span> <span class='ocrx_word' id='word_1_220' title='bbox 742 2281 843 2317; x_wconf 86' lang='lat' dir='ltr'><strong>potus</strong></span> <span class='ocrx_word' id='word_1_221' title='bbox 856 2277 946 2307; x_wconf 85' lang='lat' dir='ltr'><strong>Aru</strong></span> <span class='ocrx_word' id='word_1_222' title='bbox 958 2276 1164 2308; x_wconf 82' lang='lat' dir='ltr'><strong>Sabbadini:</strong></span> <span class='ocrx_word' id='word_1_223' title='bbox 1182 2281 1283 2317; x_wconf 85' lang='lat' dir='ltr'><strong>putus</strong></span> <span class='ocrx_word' id='word_1_224' title='bbox 1296 2276 1443 2318; x_wconf 81' lang='lat' dir='ltr'><strong>Scaliger</strong></span> <span class='ocrx_word' id='word_1_225' title='bbox 1455 2277 1650 2308; x_wconf 77' lang='lat' dir='ltr'><strong>reclamante</strong></span> 
     </span>
     <span class='ocr_line' id='line_1_32' title="bbox 312 2319 1644 2361; baseline 0.002 -11"><span class='ocrx_word' id='word_1_226' title='bbox 312 2319 519 2352; x_wconf 83' lang='lat' dir='ltr'><strong>Burmanno</strong></span> <span class='ocrx_word' id='word_1_227' title='bbox 535 2321 578 2353; x_wconf 82' lang='lat' dir='ltr'><strong>A.</strong></span> <span class='ocrx_word' id='word_1_228' title='bbox 596 2319 636 2351; x_wconf 95' lang='lat' dir='ltr'><strong>L.</strong></span> <span class='ocrx_word' id='word_1_229' title='bbox 658 2321 727 2361; x_wconf 74' lang='lat' dir='ltr'><em>1.j›.</em></span> <span class='ocrx_word' id='word_1_230' title='bbox 741 2321 805 2361; x_wconf 88' lang='lat'><strong>675</strong></span> <span class='ocrx_word' id='word_1_231' title='bbox 821 2332 828 2352; x_wconf 92' lang='lat'><strong>:</strong></span> <span class='ocrx_word' id='word_1_232' title='bbox 863 2319 957 2351; x_wconf 84' lang='grc' dir='ltr'>πόθος</span> <span class='ocrx_word' id='word_1_233' title='bbox 973 2321 1070 2361; x_wconf 82' lang='lat' dir='ltr'><strong>Spiro</strong></span> <span class='ocrx_word' id='word_1_234' title='bbox 1086 2321 1230 2352; x_wconf 79' lang='lat' dir='ltr'><strong>sentent.</strong></span> <span class='ocrx_word' id='word_1_235' title='bbox 1249 2320 1403 2352; x_wconf 80' lang='lat' dir='ltr'><strong>Controu.</strong></span> <span class='ocrx_word' id='word_1_236' title='bbox 1423 2331 1445 2351; x_wconf 81' lang='lat' dir='ltr'>x</span> <span class='ocrx_word' id='word_1_237' title='bbox 1462 2321 1495 2352; x_wconf 82' lang='lat' dir='ltr'><strong>in</strong></span> <span class='ocrx_word' id='word_1_238' title='bbox 1519 2320 1644 2352; x_wconf 75' lang='lat' dir='ltr'><strong>dissert.</strong></span> 
     </span>
     <span class='ocr_line' id='line_1_33' title="bbox 313 2363 1235 2405; baseline 0.002 -12"><span class='ocrx_word' id='word_1_239' title='bbox 313 2363 349 2394; x_wconf 86' lang='lat' dir='ltr'><strong>de</strong></span> <span class='ocrx_word' id='word_1_240' title='bbox 364 2363 551 2395; x_wconf 73' lang='lat' dir='ltr'><strong>Phoenissis</strong></span> <span class='ocrx_word' id='word_1_241' title='bbox 568 2364 740 2405; x_wconf 70' lang='lat' dir='ltr'><strong>Em’isn&#39;dis</strong></span> <span class='ocrx_word' id='word_1_242' title='bbox 830 2374 850 2404; x_wconf 82' lang='grc'>3</span> <span class='ocrx_word' id='word_1_243' title='bbox 873 2364 1002 2405; x_wconf 84' lang='lat' dir='ltr'><strong>autem]</strong></span> <span class='ocrx_word' id='word_1_244' title='bbox 1021 2365 1103 2396; x_wconf 82' lang='lat' dir='ltr'><strong>artis</strong></span> <span class='ocrx_word' id='word_1_245' title='bbox 1120 2364 1235 2405; x_wconf 82' lang='lat' dir='ltr'><strong>Heyne</strong></span> 
     </span>
    </p>
   </div>
  </div>
 </body>
</html>
