1820 2802
313 166 463 204 CIRIS

309 288 427 326 quern
458 276 627 326 pauidae
656 275 814 314 alternis
846 275 1013 325 fugitant
1043 283 1262 325 optantque
1294 277 1459 325 puellae,

311 327 558 391 Hesperium⁴
583 340 718 387 uitam,
752 347 891 390 optant
919 340 1124 379 ardescere
1155 341 1297 387 Eoum,

307 405 526 455 praeceptis
557 412 666 455 paret
696 404 808 455 uirgo
838 404 999 443 nutricis
1029 412 1067 443 et
1097 405 1226 443 omnis

310 466 488 517 undique
517 466 714 517 conquirit
743 466 922 505 nubendi
952 468 1089 505 sedula
1119 480 1266 505 causas.

309 538 551 582 temptantur
580 531 727 582 patriae
757 531 980 570 summissis
1006 531 1172 570 uocibus
1201 545 1326 579 aures,
1579 549 1643 580 355

308 597 597 646 laudanturque
626 610 755 635 nouae
784 596 892 647 pacis
922 597 1051 635 bona:
1091 598 1238 635 multus
1268 596 1404 646 inepto

308 660 468 711 uirginis
498 661 679 699 insolitae
709 675 837 700 sermo
867 674 996 700 nouus
1026 669 1125 700 errat
1155 661 1195 699 in
1225 675 1302 700 ore.

308 739 415 764 nunc
445 734 609 764 tremere
639 726 822 764 instantis
850 726 944 765 belli
973 726 1188 765 certamina
1217 726 1324 773 dicit,

307 803 644 840 communemque
673 790 811 830 timere
840 792 960 829 deum
976 805 987 838 3
1023 804 1131 829 nunc
1160 790 1260 841 regis
1289 791 1437 838 amicis,

307 854 465 904 iamque
494 855 568 905 ipsi
595 854 720 894 uerita
753 862 834 893 est:
874 856 1016 893 orbum
1045 856 1112 893 flet
1142 863 1292 894 maesta
1320 863 1534 905 parentem,
1580 863 1642 903 360

307 933 398 958 cum
431 921 529 959 Ioue
559 919 782 958 communis
813 920 880 970 qui
910 934 991 959 non
1021 921 1089 958 dat
1119 921 1264 959 habere
1293 928 1471 971 nepoteS.

307 998 413 1023 nunc
445 984 563 1024 etiarn
593 986 764 1043 conficta
793 987 887 1024 dolo
917 985 1126 1043 mendacia
1155 985 1257 1035 turpi

306 1050 459 1090 inuenit
488 1058 526 1090 et
555 1050 694 1089 diuum
724 1058 841 1090 terret
870 1050 1082 1090 formidine
1111 1050 1219 1089 ciuis.

307 1129 414 1154 nunc
443 1115 518 1154 alia
547 1128 594 1154 ex
622 1115 707 1154 aliis
737 1114 827 1166 (nec
857 1117 1017 1167 desunt)
1048 1115 1183 1154 omina
1212 1116 1374 1166 quaerit.

305 1181 402 1231 quin
433 1180 550 1220 etiam
580 1189 710 1229 castps
739 1195 835 1220 ausa
864 1189 923 1220 est
953 1194 1203 1231 corrumpere
1233 1188 1356 1237 ulates,
1575 1189 1640 1230 365

306 1253 359 1294 ut,
391 1260 481 1285 cum
512 1260 626 1286 caesa
656 1246 722 1298 pio
752 1246 959 1286 cecidisset
989 1246 1151 1286 uictima
1179 1248 1295 1295 ferro,

309 1351 340 1382 U
357 1351 450 1391 Cln'g.
579 1351 750 1382 uenientis
772 1351 861 1381 enim
880 1351 1001 1391 scripsi,
1025 1351 1056 1382 lz.
1075 1362 1098 1382 e.
1117 1351 1177 1382 lux
1193 1351 1280 1381 enim
1297 1350 1371 1390 fuit
1387 1352 1552 1390 uenientzs,
1572 1363 1640 1383 non

304 1395 454 1425 abeuntis
490 1394 558 1434 diei,
599 1395 635 1434 cf.
672 1395 709 1425 G.
746 1394 789 1426 11.
819 1396 883 1433 508
925 1395 1040 1426 ‘hunc
1073 1394 1212 1434 plausus
1243 1394 1393 1424 hiantem
1425 1405 1486 1434 per
1515 1405 1641 1427 cuneos

308 1438 514 1478 (geminatus
532 1438 621 1468 enim
640 1438 818 1478 plebisque
835 1439 1050 1478 patrumque)
1069 1436 1251 1478 corripuit'
1269 1448 1275 1467 :
1300 1437 1461 1468 ueniente
1479 1439 1559 1469 mihi
1583 1438 1617 1469 R
1632 1451 1638 1470 :

305 1482 466 1512 ueniente
492 1481 570 1511 mihi
592 1482 770 1522 (suprascr.
790 1482 908 1521 mane)
928 1481 982 1512 A:
1007 1482 1168 1512 ueniente
1186 1491 1283 1511 mane
1304 1481 1439 1522 UCang.
1464 1493 1469 1512 :
1495 1482 1640 1514 ueniens

306 1526 395 1556 mani
423 1525 470 1556 ed.
504 1534 608 1564 1507:
647 1535 679 1556 u.
713 1526 878 1555 flammam
914 1524 1106 1563 ll'akefield:
1147 1525 1342 1555 uenientem
1373 1525 1487 1564 ignem
1518 1525 1641 1566 Haupt

303 1578 364 1608 351
392 1568 594 1608 obstantque
613 1569 792 1609 (suprascr.
813 1570 945 1608 optant)
963 1568 996 1598 A
1015 1580 1021 1599 z
1045 1569 1249 1608 abstantque
1266 1567 1300 1598 R
1452 1578 1515 1608 352
1540 1579 1643 1610 eoum,

304 1612 466 1642 Heinsius
486 1612 534 1643 ad
556 1613 645 1642 lzunc
667 1612 786 1651 Iocum,
807 1611 974 1642 Bentleins
995 1611 1042 1643 ad
1065 1611 1262 1643 Callimachi
1271 1611 1406 1652 fragm.
1433 1611 1571 1643 Hecales
1596 1623 1637 1652 52

302 1655 393 1686 αὐτοὶ
417 1655 476 1693 μὲν
499 1655 646 1695 φιλέουσ’
670 1654 759 1686 αὐτοὶ
782 1654 815 1686 δέ
839 1667 874 1686 τε
899 1654 1095 1695 πεφρίκασιν,
1112 1654 1279 1694 Ἑσπέριον
1301 1653 1479 1694 φιλέουσιν,
1498 1656 1636 1687 ἀποστυ-

303 1699 434 1738 -γὲουσιν
466 1700 588 1739 Ἑῷονε
624 1699 664 1738 cf.
691 1709 808 1729 uersus
834 1699 959 1729 Cinnae
989 1699 1059 1730 ‘Te
1084 1699 1269 1729 matutinus
1294 1699 1432 1729 flentem
1457 1700 1637 1739 conspexit

304 1742 396 1773 Eous
428 1747 461 1774 et
489 1744 626 1773 flentem
652 1743 753 1782 paulo
786 1742 869 1772 uidit
900 1747 975 1781 post
1008 1742 1188 1781 Hesperus
1224 1742 1357 1772 idem’:
1401 1742 1506 1773 solem
1545 1743 1636 1774 AU:

302 1787 336 1817 in
367 1786 400 1816 R
425 1787 571 1827 spatium
597 1790 644 1817 est
673 1796 747 1816 cum
770 1786 911 1826 punctis.
973 1785 1060 1816 Plin.
1094 1785 1141 1817 H.
1169 1785 1211 1816 N.
1239 1785 1283 1816 11.
1311 1786 1354 1823 36
1385 1785 1637 1817 ‘Praeueniens

304 1831 429 1870 quippe
457 1835 492 1860 et
516 1835 596 1861 ante
628 1829 829 1860 matutinum
864 1828 1021 1860 exoriens
1053 1829 1179 1859 luciferi
1212 1838 1339 1859 nomen
1366 1829 1487 1869 accipit
1520 1834 1556 1860 ut
1588 1830 1637 1861 sol

301 1874 387 1904 alter
412 1873 569 1913 diemque
595 1873 785 1904 maturans’
964 1881 1027 1912 355
1063 1876 1250 1911 temptatus
1277 1871 1331 1902 R:
1366 1876 1575 1912 temptantur
1600 1884 1639 1903 ex

301 1922 488 1957 temptatus
503 1917 536 1947 A
644 1916 752 1956 patrie
775 1927 814 1946 ex
836 1916 974 1956 proprie
990 1917 1023 1946 A
1041 1927 1047 1947 :
1074 1916 1208 1957 proprie
1224 1915 1258 1945 R
1389 1917 1455 1956 356
1477 1927 1543 1955 que
1565 1927 1632 1948 om.

1299 1967 1316 1984 0

305 1993 395 2034 Clng.
466 2003 575 2024 nouae
591 1993 721 2034 scripsi:
746 1993 856 2023 bonae
867 1992 1076 2032 ARUClng.
1167 1993 1317 2032 inempte
1333 1993 1366 2023 A
1385 2004 1391 2023 :
1419 1993 1568 2033 inempte
1580 1994 1614 2025 R
1629 2005 1635 2024 τ

302 2036 420 2076 inepto
441 2036 493 2067 U:
519 2037 634 2076 inepte
652 2035 718 2066 Leo
842 2045 907 2075 357
931 2036 1066 2066 insolito
1084 2034 1240 2066 Pithoeus
1257 2046 1263 2065 :
1291 2036 1426 2078 insolite
1443 2036 1477 2076 (e
1494 2037 1546 2075 A)
1564 2037 1630 2068 RA

302 2080 367 2110 Leo
492 2091 601 2110 nouus
616 2083 803 2120 suspectum
818 2090 825 2110 :
854 2090 898 2110 an
915 2078 1174 2110 sermunculus?
1318 2081 1383 2118 360
1406 2090 1549 2119 namque
1570 2081 1632 2120 ipsi

303 2124 392 2163 (ipsa
415 2122 473 2163 Al,
502 2124 576 2163 ipso
605 2123 649 2163 U)
677 2124 802 2154 ueritas
828 2127 881 2153 est
907 2123 1029 2160 (uerita
1057 2127 1091 2153 et
1119 2122 1174 2157 U)
1200 2121 1326 2153 ARU:
1359 2123 1490 2163 iamque
1515 2123 1636 2164 Haupt

292 2168 373 2206 fort.
400 2167 541 2197 ueritast
647 2166 762 2197 orbum
789 2167 967 2206 (suprascr.
992 2166 1118 2205 orbari)
1136 2165 1169 2195 A
1309 2167 1369 2205 361
1397 2167 1453 2206 qui
1480 2177 1548 2197 non
1577 2169 1634 2198 dat

301 2211 426 2241 habere
450 2210 565 2251 scripsi
586 2210 654 2249 (cui
678 2220 745 2241 non
773 2211 885 2240 datum
914 2209 1060 2250 Unger):
1096 2209 1152 2248 qui
1177 2219 1244 2240 non
1271 2210 1421 2240 habuere
1450 2209 1506 2240 R:
1541 2210 1631 2249 quim

301 2255 480 2294 (suprascr.
507 2254 563 2292 qui
580 2253 765 2293 quondam)
782 2254 931 2284 habuere
946 2254 980 2282 A
1000 2264 1006 2283 :
1038 2253 1093 2293 qui
1105 2253 1270 2292 quondam
1289 2253 1436 2284 habuere
1457 2253 1491 2284 U
1576 2264 1632 2293 pa-

300 2302 416 2328 rentes
441 2298 617 2337 (suprascr.
644 2297 805 2337 nepotes)
832 2296 894 2327 A:
936 2307 1036 2336 quem
1068 2306 1129 2336 par
1161 2296 1203 2326 sit
1239 2297 1365 2327 habere
1396 2297 1539 2337 Haupt:
1572 2298 1628 2336 qui

300 2340 383 2371 nolit
405 2341 561 2370 Ribbeck:
586 2340 642 2380 qui
667 2341 775 2371 mittat
797 2350 898 2371 auere
922 2339 1109 2371 Baehrens:
1135 2339 1186 2370 cui
1213 2349 1277 2370 non
1304 2340 1459 2379 placuere
1483 2350 1515 2372 n.
1537 2340 1636 2371 Kroll

299 2385 363 2422 362
388 2384 543 2414 confecta
560 2383 669 2414 ARU
762 2385 824 2423 364
849 2384 962 2414 omnia
987 2382 1059 2413 RU
1151 2387 1298 2422 querunt
1316 2383 1444 2414 ARU:
1470 2384 1580 2423 querit
1596 2394 1636 2414 ex

299 2432 443 2472 querunt
461 2427 601 2458 I7'el7nst.
696 2428 759 2465 366
783 2432 818 2458 ut
834 2426 915 2457 Ald.
941 2436 1020 2467 1517
1037 2438 1043 2456 :
1069 2431 1102 2457 et
1118 2426 1227 2457 ARU
