<?xml version="1.0" encoding="UTF-8"?>
<!DOCTYPE html PUBLIC "-//W3C//DTD XHTML 1.0 Transitional//EN"
    "http://www.w3.org/TR/xhtml1/DTD/xhtml1-transitional.dtd">
<html xmlns="http://www.w3.org/1999/xhtml" xml:lang="en" lang="en">
 <head>
  <title>
</title>
<meta http-equiv="Content-Type" content="text/html;charset=utf-8" />
  <meta name='ocr-system' content='tesseract 3.04.00' />
  <meta name='ocr-capabilities' content='ocr_page ocr_carea ocr_par ocr_line ocrx_word'/>
</head>
<body>
  <div class='ocr_page' id='page_1' title='image "./appendixvergilia00elliuoft_0016.png"; bbox 0 0 1820 2802; ppageno 0'>
   <div class='ocr_carea' id='block_1_1' title="bbox 780 155 1102 194">
    <p class='ocr_par' dir='ltr' id='par_1_1' title="bbox 780 155 1102 194">
     <span class='ocr_line' id='line_1_1' title="bbox 780 155 1102 194; baseline 0.003 -2"><span class='ocrx_word' id='word_1_1' title='bbox 780 155 1102 194; x_wconf 89' lang='lat' dir='ltr'><strong>PRAEFATIO</strong></span> 
     </span>
    </p>
   </div>
   <div class='ocr_carea' id='block_1_2' title="bbox 265 266 1619 2313">
    <p class='ocr_par' dir='ltr' id='par_1_2' title="bbox 265 266 1615 898">
     <span class='ocr_line' id='line_1_2' title="bbox 275 266 1615 316; baseline -0.001 -11"><span class='ocrx_word' id='word_1_2' title='bbox 275 266 413 305; x_wconf 87' lang='lat' dir='ltr'><strong>codice</strong></span> <span class='ocrx_word' id='word_1_3' title='bbox 436 266 564 305; x_wconf 84' lang='lat' dir='ltr'><strong>uersui</strong></span> <span class='ocrx_word' id='word_1_4' title='bbox 581 267 829 304; x_wconf 82' lang='lat' dir='ltr'><strong>conclamato</strong></span> <span class='ocrx_word' id='word_1_5' title='bbox 846 267 921 315; x_wconf 83' lang='lat'><strong>366</strong></span> <span class='ocrx_word' id='word_1_6' title='bbox 937 266 1121 314; x_wconf 70' lang='lat' dir='ltr'><strong>Legstsme</strong></span> <span class='ocrx_word' id='word_1_7' title='bbox 1135 267 1242 304; x_wconf 79' lang='lat' dir='ltr'><em>cessit</em></span> <span class='ocrx_word' id='word_1_8' title='bbox 1253 266 1615 316; x_wconf 73' lang='lat' dir='ltr'><strong>cuz&#39;faclapotentia</strong></span> 
     </span>
     <span class='ocr_line' id='line_1_3' title="bbox 276 329 1614 381; baseline -0.001 -12"><span class='ocrx_word' id='word_1_9' title='bbox 276 332 374 381; x_wconf 77' lang='lat' dir='ltr'><strong>regis</strong></span> <span class='ocrx_word' id='word_1_10' title='bbox 394 333 523 370; x_wconf 89' lang='lat' dir='ltr'><strong>lucem</strong></span> <span class='ocrx_word' id='word_1_11' title='bbox 544 330 772 370; x_wconf 84' lang='lat' dir='ltr'><strong>adfudimus</strong></span> <span class='ocrx_word' id='word_1_12' title='bbox 794 329 972 368; x_wconf 87' lang='lat' dir='ltr'><strong>restituto</strong></span> <span class='ocrx_word' id='word_1_13' title='bbox 993 331 1103 380; x_wconf 80' lang='lat' dir='ltr'><strong>quod</strong></span> <span class='ocrx_word' id='word_1_14' title='bbox 1121 344 1258 369; x_wconf 87' lang='lat' dir='ltr'><strong>uerum</strong></span> <span class='ocrx_word' id='word_1_15' title='bbox 1279 344 1419 369; x_wconf 89' lang='lat' dir='ltr'><strong>omnes</strong></span> <span class='ocrx_word' id='word_1_16' title='bbox 1440 332 1614 369; x_wconf 86' lang='lat' dir='ltr'><strong>fatentur</strong></span> 
     </span>
     <span class='ocr_line' id='line_1_4' title="bbox 279 395 1612 444; baseline 0 -11"><span class='ocrx_word' id='word_1_17' title='bbox 279 396 359 434; x_wconf 74' lang='lat' dir='ltr'><strong>Cui</strong></span> <span class='ocrx_word' id='word_1_18' title='bbox 373 396 481 434; x_wconf 74' lang='lat' dir='ltr'><strong>cessit</strong></span> <span class='ocrx_word' id='word_1_19' title='bbox 506 396 694 433; x_wconf 75' lang='lat' dir='ltr'><strong>liditlzime</strong></span> <span class='ocrx_word' id='word_1_20' title='bbox 708 395 821 444; x_wconf 80' lang='lat' dir='ltr'><strong>facta</strong></span> <span class='ocrx_word' id='word_1_21' title='bbox 840 402 883 444; x_wconf 70' lang='lat' dir='ltr'><strong>p.</strong></span> <span class='ocrx_word' id='word_1_22' title='bbox 899 408 929 432; x_wconf 83' lang='lat' dir='ltr'><strong>r.</strong></span> <span class='ocrx_word' id='word_1_23' title='bbox 954 396 992 432; x_wconf 91' lang='lat' dir='ltr'><strong>h.</strong></span> <span class='ocrx_word' id='word_1_24' title='bbox 1010 408 1044 433; x_wconf 91' lang='lat' dir='ltr'><strong>e.</strong></span> <span class='ocrx_word' id='word_1_25' title='bbox 1071 395 1149 433; x_wconf 84' lang='lat' dir='ltr'><strong>Cm‘</strong></span> <span class='ocrx_word' id='word_1_26' title='bbox 1163 396 1270 433; x_wconf 78' lang='lat' dir='ltr'><strong>cessit</strong></span> <span class='ocrx_word' id='word_1_27' title='bbox 1291 395 1397 444; x_wconf 77' lang='lat' dir='ltr'><strong>Lydi</strong></span> <span class='ocrx_word' id='word_1_28' title='bbox 1421 395 1612 444; x_wconf 53' lang='lat' dir='ltr'><strong>timefacta</strong></span> 
     </span>
     <span class='ocr_line' id='line_1_5' title="bbox 265 458 1613 511; baseline -0.001 -12"><span class='ocrx_word' id='word_1_29' title='bbox 265 467 308 510; x_wconf 76' lang='lat' dir='ltr'><strong>p.</strong></span> <span class='ocrx_word' id='word_1_30' title='bbox 325 475 357 499; x_wconf 84' lang='lat' dir='ltr'><strong>r.</strong></span> <span class='ocrx_word' id='word_1_31' title='bbox 393 462 441 499; x_wconf 92' lang='lat' dir='ltr'><strong>Id</strong></span> <span class='ocrx_word' id='word_1_32' title='bbox 480 473 572 498; x_wconf 88' lang='lat' dir='ltr'><strong>cum</strong></span> <span class='ocrx_word' id='word_1_33' title='bbox 612 460 728 498; x_wconf 89' lang='lat' dir='ltr'><strong>huius</strong></span> <span class='ocrx_word' id='word_1_34' title='bbox 761 459 871 498; x_wconf 90' lang='lat' dir='ltr'><strong>modi</strong></span> <span class='ocrx_word' id='word_1_35' title='bbox 904 458 952 497; x_wconf 88' lang='lat' dir='ltr'><strong>sit</strong></span> <span class='ocrx_word' id='word_1_36' title='bbox 988 467 1028 498; x_wconf 89' lang='lat' dir='ltr'><strong>ut</strong></span> <span class='ocrx_word' id='word_1_37' title='bbox 1052 459 1231 511; x_wconf 23' lang='lat' dir='ltr'><strong>*nitorem</strong></span> <span class='ocrx_word' id='word_1_38' title='bbox 1265 472 1380 498; x_wconf 85' lang='lat' dir='ltr'><strong>suum</strong></span> <span class='ocrx_word' id='word_1_39' title='bbox 1416 459 1613 498; x_wconf 88' lang='lat' dir='ltr'><strong>uersiculo</strong></span> 
     </span>
     <span class='ocr_line' id='line_1_6' title="bbox 274 523 1611 575; baseline -0.001 -12"><span class='ocrx_word' id='word_1_40' title='bbox 274 525 500 571; x_wconf 73' lang='lat' dir='ltr'><strong>reddiderit,</strong></span> <span class='ocrx_word' id='word_1_41' title='bbox 524 525 831 575; x_wconf 76' lang='lat' dir='ltr'><strong>perpendendae</strong></span> <span class='ocrx_word' id='word_1_42' title='bbox 853 531 966 562; x_wconf 88' lang='lat' dir='ltr'><strong>erunt</strong></span> <span class='ocrx_word' id='word_1_43' title='bbox 987 532 1140 563; x_wconf 85' lang='lat' dir='ltr'><strong>ceterae</strong></span> <span class='ocrx_word' id='word_1_44' title='bbox 1170 537 1331 575; x_wconf 87' lang='lat' dir='ltr'><strong>quoque</strong></span> <span class='ocrx_word' id='word_1_45' title='bbox 1361 537 1463 575; x_wconf 84' lang='lat' dir='ltr'><strong>quae</strong></span> <span class='ocrx_word' id='word_1_46' title='bbox 1493 523 1533 561; x_wconf 91' lang='lat' dir='ltr'><strong>in</strong></span> <span class='ocrx_word' id='word_1_47' title='bbox 1561 537 1611 562; x_wconf 92' lang='lat' dir='ltr'><strong>eo</strong></span> 
     </span>
     <span class='ocr_line' id='line_1_7' title="bbox 274 588 1613 640; baseline -0.002 -11"><span class='ocrx_word' id='word_1_48' title='bbox 274 589 413 629; x_wconf 86' lang='lat' dir='ltr'><strong>codice</strong></span> <span class='ocrx_word' id='word_1_49' title='bbox 446 597 537 628; x_wconf 84' lang='lat' dir='ltr'><strong>sunt</strong></span> <span class='ocrx_word' id='word_1_50' title='bbox 567 603 589 627; x_wconf 83' lang='lat' dir='ltr'><strong>a</strong></span> <span class='ocrx_word' id='word_1_51' title='bbox 621 588 816 640; x_wconf 88' lang='lat' dir='ltr'><strong>plerisque</strong></span> <span class='ocrx_word' id='word_1_52' title='bbox 844 590 1049 628; x_wconf 84' lang='lat' dir='ltr'><strong>codicibus</strong></span> <span class='ocrx_word' id='word_1_53' title='bbox 1071 589 1250 628; x_wconf 81' lang='lat' dir='ltr'><strong>diuersae</strong></span> <span class='ocrx_word' id='word_1_54' title='bbox 1270 588 1485 628; x_wconf 89' lang='lat' dir='ltr'><strong>lectiones:</strong></span> <span class='ocrx_word' id='word_1_55' title='bbox 1515 601 1613 639; x_wconf 84' lang='lat' dir='ltr'><strong>quas</strong></span> 
     </span>
     <span class='ocr_line' id='line_1_8' title="bbox 274 653 1613 701; baseline -0.001 -8"><span class='ocrx_word' id='word_1_56' title='bbox 274 667 414 693; x_wconf 88' lang='lat' dir='ltr'><strong>omnes</strong></span> <span class='ocrx_word' id='word_1_57' title='bbox 446 656 484 692; x_wconf 89' lang='lat' dir='ltr'><strong>in</strong></span> <span class='ocrx_word' id='word_1_58' title='bbox 511 653 685 693; x_wconf 86' lang='lat' dir='ltr'><strong>editione</strong></span> <span class='ocrx_word' id='word_1_59' title='bbox 713 667 783 692; x_wconf 85' lang='lat' dir='ltr'><strong>sua</strong></span> <span class='ocrx_word' id='word_1_60' title='bbox 808 655 983 693; x_wconf 83' lang='lat' dir='ltr'><strong>secunda</strong></span> <span class='ocrx_word' id='word_1_61' title='bbox 1017 654 1276 701; x_wconf 85' lang='lat' dir='ltr'><strong>Ribbeckius‚</strong></span> <span class='ocrx_word' id='word_1_62' title='bbox 1312 667 1419 693; x_wconf 87' lang='lat' dir='ltr'><strong>nunc</strong></span> <span class='ocrx_word' id='word_1_63' title='bbox 1459 655 1499 692; x_wconf 90' lang='lat' dir='ltr'><strong>in</strong></span> <span class='ocrx_word' id='word_1_64' title='bbox 1538 655 1613 692; x_wconf 82' lang='lat' dir='ltr'><strong>hac</strong></span> 
     </span>
     <span class='ocr_line' id='line_1_9' title="bbox 274 718 1612 769; baseline -0.001 -11"><span class='ocrx_word' id='word_1_65' title='bbox 274 727 407 758; x_wconf 81' lang='lat' dir='ltr'><strong>nostra</strong></span> <span class='ocrx_word' id='word_1_66' title='bbox 437 719 519 769; x_wconf 84' lang='lat' dir='ltr'><strong>ipse</strong></span> <span class='ocrx_word' id='word_1_67' title='bbox 549 720 683 757; x_wconf 85' lang='lat' dir='ltr'><strong>denuo</strong></span> <span class='ocrx_word' id='word_1_68' title='bbox 713 718 882 757; x_wconf 80' lang='lat' dir='ltr'><strong>exhibui.</strong></span> <span class='ocrx_word' id='word_1_69' title='bbox 943 719 1046 758; x_wconf 72' lang='lat' dir='ltr'><strong>Vide</strong></span> <span class='ocrx_word' id='word_1_70' title='bbox 1076 718 1387 768; x_wconf 83' lang='lat' dir='ltr'><strong>disputationem</strong></span> <span class='ocrx_word' id='word_1_71' title='bbox 1418 732 1547 757; x_wconf 85' lang='lat' dir='ltr'><strong>meam</strong></span> <span class='ocrx_word' id='word_1_72' title='bbox 1573 718 1612 756; x_wconf 88' lang='lat' dir='ltr'><strong>in</strong></span> 
     </span>
     <span class='ocr_line' id='line_1_10' title="bbox 276 783 1613 834; baseline -0.001 -12"><span class='ocrx_word' id='word_1_73' title='bbox 276 784 411 822; x_wconf 90' lang='lat' dir='ltr'><strong>Diario</strong></span> <span class='ocrx_word' id='word_1_74' title='bbox 440 784 686 834; x_wconf 78' lang='lat' dir='ltr'><strong>Philologico</strong></span> <span class='ocrx_word' id='word_1_75' title='bbox 700 783 1017 833; x_wconf 80' lang='lat' dir='ltr'><strong>Cantabrigiensi</strong></span> <span class='ocrx_word' id='word_1_76' title='bbox 1043 784 1137 822; x_wconf 80' lang='lat' dir='ltr'><strong>anni</strong></span> <span class='ocrx_word' id='word_1_77' title='bbox 1170 786 1268 832; x_wconf 88' lang='lat'>1887</span> <span class='ocrx_word' id='word_1_78' title='bbox 1292 791 1330 822; x_wconf 89' lang='lat' dir='ltr'><strong>et</strong></span> <span class='ocrx_word' id='word_1_79' title='bbox 1351 796 1453 833; x_wconf 85' lang='lat' dir='ltr'><strong>quae</strong></span> <span class='ocrx_word' id='word_1_80' title='bbox 1475 790 1613 833; x_wconf 84' lang='lat' dir='ltr'><strong>postea</strong></span> 
     </span>
     <span class='ocr_line' id='line_1_11' title="bbox 274 847 1194 898; baseline -0.001 -11"><span class='ocrx_word' id='word_1_81' title='bbox 274 849 313 887; x_wconf 92' lang='lat' dir='ltr'><strong>in</strong></span> <span class='ocrx_word' id='word_1_82' title='bbox 338 848 588 887; x_wconf 84' lang='lat' dir='ltr'><strong>Recensione</strong></span> <span class='ocrx_word' id='word_1_83' title='bbox 610 847 785 888; x_wconf 83' lang='lat' dir='ltr'><strong>Classica</strong></span> <span class='ocrx_word' id='word_1_84' title='bbox 806 847 899 886; x_wconf 85' lang='lat' dir='ltr'><strong>anni</strong></span> <span class='ocrx_word' id='word_1_85' title='bbox 926 850 1023 897; x_wconf 84' lang='lat'>1892</span> <span class='ocrx_word' id='word_1_86' title='bbox 1048 847 1194 898; x_wconf 87' lang='lat' dir='ltr'><strong>scripsi.</strong></span> 
     </span>
    </p>

    <p class='ocr_par' dir='ltr' id='par_1_3' title="bbox 274 912 1619 2133">
     <span class='ocr_line' id='line_1_12' title="bbox 329 912 1614 963; baseline -0.002 -11"><span class='ocrx_word' id='word_1_87' title='bbox 329 916 382 952; x_wconf 86' lang='lat' dir='ltr'><strong>At</strong></span> <span class='ocrx_word' id='word_1_88' title='bbox 423 913 462 951; x_wconf 92' lang='lat' dir='ltr'><strong>in</strong></span> <span class='ocrx_word' id='word_1_89' title='bbox 492 913 611 951; x_wconf 75' lang='lat' dir='ltr'><strong>Dl&#39;rz‘s</strong></span> <span class='ocrx_word' id='word_1_90' title='bbox 639 912 848 951; x_wconf 88' lang='lat' dir='ltr'><strong>crudeliter</strong></span> <span class='ocrx_word' id='word_1_91' title='bbox 887 912 1026 951; x_wconf 85' lang='lat' dir='ltr'><strong>saeuiit</strong></span> <span class='ocrx_word' id='word_1_92' title='bbox 1066 912 1205 951; x_wconf 83' lang='lat' dir='ltr'><strong>iniuria</strong></span> <span class='ocrx_word' id='word_1_93' title='bbox 1244 920 1479 963; x_wconf 89' lang='lat' dir='ltr'><strong>temporum,</strong></span> <span class='ocrx_word' id='word_1_94' title='bbox 1509 913 1614 951; x_wconf 81' lang='lat' dir='ltr'><strong>adeo</strong></span> 
     </span>
     <span class='ocr_line' id='line_1_13' title="bbox 274 978 1613 1029; baseline -0.001 -12"><span class='ocrx_word' id='word_1_95' title='bbox 274 986 316 1017; x_wconf 88' lang='lat' dir='ltr'><strong>ut</strong></span> <span class='ocrx_word' id='word_1_96' title='bbox 356 978 420 1017; x_wconf 79' lang='lat' dir='ltr'><strong>uix</strong></span> <span class='ocrx_word' id='word_1_97' title='bbox 468 980 617 1017; x_wconf 74' lang='lat' dir='ltr'><strong>Aetnae</strong></span> <span class='ocrx_word' id='word_1_98' title='bbox 655 978 776 1029; x_wconf 87' lang='lat' dir='ltr'><strong>ipsius</strong></span> <span class='ocrx_word' id='word_1_99' title='bbox 815 978 926 1028; x_wconf 86' lang='lat' dir='ltr'><strong>peius</strong></span> <span class='ocrx_word' id='word_1_100' title='bbox 965 979 1184 1017; x_wconf 82' lang='lat' dir='ltr'><strong>deformata</strong></span> <span class='ocrx_word' id='word_1_101' title='bbox 1227 978 1276 1017; x_wconf 90' lang='lat' dir='ltr'><strong>sit</strong></span> <span class='ocrx_word' id='word_1_102' title='bbox 1320 978 1449 1017; x_wconf 82' lang='lat' dir='ltr'><strong>facies.</strong></span> <span class='ocrx_word' id='word_1_103' title='bbox 1510 980 1613 1017; x_wconf 82' lang='lat' dir='ltr'><strong>Sane</strong></span> 
     </span>
     <span class='ocr_line' id='line_1_14' title="bbox 275 1043 1612 1090; baseline -0.002 -7"><span class='ocrx_word' id='word_1_104' title='bbox 275 1045 469 1083; x_wconf 85' lang='lat' dir='ltr'><strong>habemus</strong></span> <span class='ocrx_word' id='word_1_105' title='bbox 522 1050 671 1082; x_wconf 76' lang='lat' dir='ltr'><strong>textum</strong></span> <span class='ocrx_word' id='word_1_106' title='bbox 720 1044 918 1082; x_wconf 74' lang='lat' dir='ltr'><strong>Dz&#39;rarum</strong></span> <span class='ocrx_word' id='word_1_107' title='bbox 960 1051 1001 1081; x_wconf 89' lang='lat' dir='ltr'><strong>ut</strong></span> <span class='ocrx_word' id='word_1_108' title='bbox 1047 1043 1303 1082; x_wconf 88' lang='lat' dir='ltr'><strong>uetustiorem</strong></span> <span class='ocrx_word' id='word_1_109' title='bbox 1342 1045 1519 1090; x_wconf 85' lang='lat' dir='ltr'><strong>alterum,</strong></span> <span class='ocrx_word' id='word_1_110' title='bbox 1560 1043 1612 1081; x_wconf 87' lang='lat' dir='ltr'><strong>ita</strong></span> 
     </span>
     <span class='ocr_line' id='line_1_15' title="bbox 274 1108 1611 1159; baseline 0 -12"><span class='ocrx_word' id='word_1_111' title='bbox 274 1111 440 1148; x_wconf 87' lang='lat' dir='ltr'><strong>alterum</strong></span> <span class='ocrx_word' id='word_1_112' title='bbox 471 1108 730 1147; x_wconf 81' lang='lat' dir='ltr'><strong>recentiorem</strong></span> <span class='ocrx_word' id='word_1_113' title='bbox 750 1124 756 1147; x_wconf 94' lang='lat'>:</span> <span class='ocrx_word' id='word_1_114' title='bbox 787 1108 956 1159; x_wconf 86' lang='lat' dir='ltr'><strong>priorem</strong></span> <span class='ocrx_word' id='word_1_115' title='bbox 978 1110 1095 1159; x_wconf 83' lang='lat' dir='ltr'><strong>longe</strong></span> <span class='ocrx_word' id='word_1_116' title='bbox 1116 1108 1283 1159; x_wconf 88' lang='lat' dir='ltr'><strong>plurima</strong></span> <span class='ocrx_word' id='word_1_117' title='bbox 1304 1122 1392 1158; x_wconf 81' lang='lat' dir='ltr'><strong>pars</strong></span> <span class='ocrx_word' id='word_1_118' title='bbox 1413 1108 1611 1154; x_wconf 87' lang='lat' dir='ltr'><strong>codicum,</strong></span> 
     </span>
     <span class='ocr_line' id='line_1_16' title="bbox 274 1172 1614 1223; baseline -0.001 -12"><span class='ocrx_word' id='word_1_119' title='bbox 274 1176 439 1212; x_wconf 87' lang='lat' dir='ltr'><strong>alterum</strong></span> <span class='ocrx_word' id='word_1_120' title='bbox 460 1174 497 1210; x_wconf 85' lang='lat' dir='ltr'>V</span> <span class='ocrx_word' id='word_1_121' title='bbox 500 1180 549 1211; x_wconf 83' lang='lat' dir='ltr'><strong>at.</strong></span> <span class='ocrx_word' id='word_1_122' title='bbox 575 1175 678 1222; x_wconf 84' lang='lat'>3269</span> <span class='ocrx_word' id='word_1_123' title='bbox 700 1181 975 1223; x_wconf 83' lang='lat' dir='ltr'><strong>repraesentat.</strong></span> <span class='ocrx_word' id='word_1_124' title='bbox 1045 1173 1123 1212; x_wconf 89' lang='lat' dir='ltr'><strong>Sed</strong></span> <span class='ocrx_word' id='word_1_125' title='bbox 1146 1186 1192 1211; x_wconf 75' lang='lat' dir='ltr'><strong>ex</strong></span> <span class='ocrx_word' id='word_1_126' title='bbox 1212 1174 1289 1211; x_wconf 92' lang='lat' dir='ltr'><strong>hoc</strong></span> <span class='ocrx_word' id='word_1_127' title='bbox 1309 1174 1431 1211; x_wconf 84' lang='lat' dir='ltr'><strong>altero</strong></span> <span class='ocrx_word' id='word_1_128' title='bbox 1452 1172 1614 1211; x_wconf 88' lang='lat' dir='ltr'><strong>recenti-</strong></span> 
     </span>
     <span class='ocr_line' id='line_1_17' title="bbox 276 1238 1615 1288; baseline -0.001 -11"><span class='ocrx_word' id='word_1_129' title='bbox 276 1253 342 1277; x_wconf 87' lang='lat' dir='ltr'><strong>ore</strong></span> <span class='ocrx_word' id='word_1_130' title='bbox 370 1239 435 1277; x_wconf 80' lang='lat' dir='ltr'><strong>uix</strong></span> <span class='ocrx_word' id='word_1_131' title='bbox 465 1238 685 1288; x_wconf 81' lang='lat' dir='ltr'><strong>quidquam</strong></span> <span class='ocrx_word' id='word_1_132' title='bbox 713 1238 876 1288; x_wconf 82' lang='lat' dir='ltr'><strong>indages</strong></span> <span class='ocrx_word' id='word_1_133' title='bbox 907 1239 1016 1288; x_wconf 85' lang='lat' dir='ltr'><strong>quod</strong></span> <span class='ocrx_word' id='word_1_134' title='bbox 1044 1252 1182 1276; x_wconf 87' lang='lat' dir='ltr'><strong>uerum</strong></span> <span class='ocrx_word' id='word_1_135' title='bbox 1203 1238 1509 1277; x_wconf 78' lang='lat' dir='ltr'><strong>existimandum</strong></span> <span class='ocrx_word' id='word_1_136' title='bbox 1540 1238 1615 1284; x_wconf 82' lang='lat' dir='ltr'><strong>sit;</strong></span> 
     </span>
     <span class='ocr_line' id='line_1_18' title="bbox 275 1302 1614 1354; baseline -0.001 -13"><span class='ocrx_word' id='word_1_137' title='bbox 275 1317 405 1354; x_wconf 83' lang='lat' dir='ltr'><strong>neque</strong></span> <span class='ocrx_word' id='word_1_138' title='bbox 436 1304 542 1342; x_wconf 87' lang='lat' dir='ltr'><strong>unde</strong></span> <span class='ocrx_word' id='word_1_139' title='bbox 572 1302 809 1352; x_wconf 79' lang='lat' dir='ltr'><strong>profluxerit,</strong></span> <span class='ocrx_word' id='word_1_140' title='bbox 840 1316 862 1340; x_wconf 80' lang='lat' dir='ltr'><strong>a</strong></span> <span class='ocrx_word' id='word_1_141' title='bbox 896 1316 977 1352; x_wconf 87' lang='lat' dir='ltr'><strong>quo</strong></span> <span class='ocrx_word' id='word_1_142' title='bbox 1011 1302 1232 1352; x_wconf 84' lang='lat' dir='ltr'><strong>descriptus</strong></span> <span class='ocrx_word' id='word_1_143' title='bbox 1264 1302 1295 1341; x_wconf 88' lang='lat' dir='ltr'><strong>is</strong></span> <span class='ocrx_word' id='word_1_144' title='bbox 1327 1304 1454 1342; x_wconf 89' lang='lat' dir='ltr'><strong>codex</strong></span> <span class='ocrx_word' id='word_1_145' title='bbox 1488 1302 1614 1349; x_wconf 89' lang='lat' dir='ltr'><strong>fuerit,</strong></span> 
     </span>
     <span class='ocr_line' id='line_1_19' title="bbox 276 1367 1614 1417; baseline -0.001 -11"><span class='ocrx_word' id='word_1_146' title='bbox 276 1368 462 1406; x_wconf 81' lang='lat' dir='ltr'><strong>nouimus</strong></span> <span class='ocrx_word' id='word_1_147' title='bbox 484 1383 491 1409; x_wconf 76' lang='grc' dir='ltr'><strong>ς</strong></span> <span class='ocrx_word' id='word_1_148' title='bbox 520 1381 611 1406; x_wconf 88' lang='lat' dir='ltr'><strong>nam</strong></span> <span class='ocrx_word' id='word_1_149' title='bbox 644 1368 754 1417; x_wconf 86' lang='lat' dir='ltr'><strong>quod</strong></span> <span class='ocrx_word' id='word_1_150' title='bbox 784 1367 1047 1406; x_wconf 84' lang='lat' dir='ltr'><strong>credideram¹</strong></span> <span class='ocrx_word' id='word_1_151' title='bbox 1079 1367 1130 1405; x_wconf 86' lang='lat' dir='ltr'><strong>ab</strong></span> <span class='ocrx_word' id='word_1_152' title='bbox 1153 1369 1266 1406; x_wconf 87' lang='lat' dir='ltr'><strong>Enoc</strong></span> <span class='ocrx_word' id='word_1_153' title='bbox 1287 1369 1490 1406; x_wconf 84' lang='lat' dir='ltr'><strong>Asculano</strong></span> <span class='ocrx_word' id='word_1_154' title='bbox 1515 1375 1554 1405; x_wconf 91' lang='lat' dir='ltr'><strong>et</strong></span> <span class='ocrx_word' id='word_1_155' title='bbox 1575 1367 1614 1405; x_wconf 90' lang='lat' dir='ltr'><strong>in</strong></span> 
     </span>
     <span class='ocr_line' id='line_1_20' title="bbox 278 1431 1615 1481; baseline 0 -11"><span class='ocrx_word' id='word_1_156' title='bbox 278 1432 415 1480; x_wconf 82' lang='lat' dir='ltr'><strong>Danis,</strong></span> <span class='ocrx_word' id='word_1_157' title='bbox 432 1433 471 1472; x_wconf 90' lang='lat' dir='ltr'><strong>id</strong></span> <span class='ocrx_word' id='word_1_158' title='bbox 486 1446 593 1471; x_wconf 87' lang='lat' dir='ltr'><strong>nunc</strong></span> <span class='ocrx_word' id='word_1_159' title='bbox 611 1432 731 1471; x_wconf 89' lang='lat' dir='ltr'><strong>uideo</strong></span> <span class='ocrx_word' id='word_1_160' title='bbox 747 1432 1053 1471; x_wconf 84' lang='lat' dir='ltr'><strong>incertissimum</strong></span> <span class='ocrx_word' id='word_1_161' title='bbox 1071 1445 1167 1479; x_wconf 85' lang='lat' dir='ltr'><strong>esse,</strong></span> <span class='ocrx_word' id='word_1_162' title='bbox 1186 1445 1278 1470; x_wconf 90' lang='lat' dir='ltr'><strong>cum</strong></span> <span class='ocrx_word' id='word_1_163' title='bbox 1292 1431 1529 1481; x_wconf 85' lang='lat' dir='ltr'><strong>subscriptio</strong></span> <span class='ocrx_word' id='word_1_164' title='bbox 1550 1431 1615 1470; x_wconf 83' lang='lat' dir='ltr'><strong>illa</strong></span> 
     </span>
     <span class='ocr_line' id='line_1_21' title="bbox 276 1497 1619 1548; baseline -0.001 -12"><span class='ocrx_word' id='word_1_165' title='bbox 276 1512 378 1548; x_wconf 84' lang='lat' dir='ltr'><strong>quae</strong></span> <span class='ocrx_word' id='word_1_166' title='bbox 395 1506 485 1548; x_wconf 83' lang='lat' dir='ltr'><strong>post</strong></span> <span class='ocrx_word' id='word_1_167' title='bbox 499 1497 664 1548; x_wconf 75' lang='lat' dir='ltr'><strong>elegiam</strong></span> <span class='ocrx_word' id='word_1_168' title='bbox 679 1498 731 1535; x_wconf 90' lang='lat' dir='ltr'><strong>de</strong></span> <span class='ocrx_word' id='word_1_169' title='bbox 749 1498 967 1534; x_wconf 67' lang='lat' dir='ltr'><strong>[llaeceasale</strong></span> <span class='ocrx_word' id='word_1_170' title='bbox 981 1497 1019 1534; x_wconf 90' lang='lat' dir='ltr'><strong>in</strong></span> <span class='ocrx_word' id='word_1_171' title='bbox 1034 1499 1122 1535; x_wconf 68' lang='lat' dir='ltr'><strong>Vat.</strong></span> <span class='ocrx_word' id='word_1_172' title='bbox 1135 1499 1239 1546; x_wconf 76' lang='lat'>3269</span> <span class='ocrx_word' id='word_1_173' title='bbox 1254 1503 1408 1535; x_wconf 84' lang='lat' dir='ltr'><strong>seruata</strong></span> <span class='ocrx_word' id='word_1_174' title='bbox 1421 1504 1491 1544; x_wconf 89' lang='lat' dir='ltr'><strong>est,</strong></span> <span class='ocrx_word' id='word_1_175' title='bbox 1504 1497 1545 1533; x_wconf 86' lang='lat' dir='ltr'><em>F</em></span> <span class='ocrx_word' id='word_1_176' title='bbox 1541 1497 1619 1535; x_wconf 79' lang='lat' dir='ltr'><strong>im&#39;t</strong></span> 
     </span>
     <span class='ocr_line' id='line_1_22' title="bbox 274 1561 1616 1612; baseline -0.002 -10"><span class='ocrx_word' id='word_1_177' title='bbox 274 1564 390 1612; x_wconf 72' lang='lat' dir='ltr'><strong>elegia</strong></span> <span class='ocrx_word' id='word_1_178' title='bbox 406 1564 564 1601; x_wconf 69' lang='lat' dir='ltr'><strong>iuuenta</strong></span> <span class='ocrx_word' id='word_1_179' title='bbox 581 1564 628 1600; x_wconf 72' lang='lat' dir='ltr'><strong>ab</strong></span> <span class='ocrx_word' id='word_1_180' title='bbox 648 1561 754 1600; x_wconf 79' lang='lat' dir='ltr'><strong>llenoc</strong></span> <span class='ocrx_word' id='word_1_181' title='bbox 768 1562 808 1600; x_wconf 75' lang='lat' dir='ltr'><strong>in</strong></span> <span class='ocrx_word' id='word_1_182' title='bbox 825 1562 945 1609; x_wconf 72' lang='lat' dir='ltr'><strong>dacia,</strong></span> <span class='ocrx_word' id='word_1_183' title='bbox 961 1562 1013 1600; x_wconf 88' lang='lat' dir='ltr'><strong>ad</strong></span> <span class='ocrx_word' id='word_1_184' title='bbox 1028 1563 1300 1609; x_wconf 64' lang='lat' dir='ltr'><strong>AIaecenatem,</strong></span> <span class='ocrx_word' id='word_1_185' title='bbox 1316 1575 1396 1600; x_wconf 92' lang='lat' dir='ltr'><strong>non</strong></span> <span class='ocrx_word' id='word_1_186' title='bbox 1417 1562 1468 1600; x_wconf 86' lang='lat' dir='ltr'><strong>ad</strong></span> <span class='ocrx_word' id='word_1_187' title='bbox 1484 1563 1616 1600; x_wconf 79' lang='lat' dir='ltr'><strong>Diras</strong></span> 
     </span>
     <span class='ocr_line' id='line_1_23' title="bbox 275 1625 1613 1678; baseline -0.001 -12"><span class='ocrx_word' id='word_1_188' title='bbox 275 1627 480 1678; x_wconf 83' lang='lat' dir='ltr'><strong>pertineat,</strong></span> <span class='ocrx_word' id='word_1_189' title='bbox 503 1634 541 1665; x_wconf 84' lang='lat' dir='ltr'><strong>et</strong></span> <span class='ocrx_word' id='word_1_190' title='bbox 561 1627 671 1664; x_wconf 73' lang='lat' dir='ltr'><strong>dacia</strong></span> <span class='ocrx_word' id='word_1_191' title='bbox 698 1627 750 1665; x_wconf 89' lang='lat' dir='ltr'><strong>ad</strong></span> <span class='ocrx_word' id='word_1_192' title='bbox 779 1626 1049 1676; x_wconf 54' lang='lat' dir='ltr'><strong>Hungariam*</strong></span> <span class='ocrx_word' id='word_1_193' title='bbox 1077 1625 1220 1676; x_wconf 89' lang='lat' dir='ltr'><strong>potius,</strong></span> <span class='ocrx_word' id='word_1_194' title='bbox 1243 1639 1324 1664; x_wconf 89' lang='lat' dir='ltr'><strong>non</strong></span> <span class='ocrx_word' id='word_1_195' title='bbox 1352 1634 1394 1664; x_wconf 89' lang='lat' dir='ltr'><strong>ut</strong></span> <span class='ocrx_word' id='word_1_196' title='bbox 1422 1633 1527 1664; x_wconf 87' lang='lat' dir='ltr'><strong>ratus</strong></span> <span class='ocrx_word' id='word_1_197' title='bbox 1555 1634 1613 1665; x_wconf 91' lang='lat' dir='ltr'><strong>est</strong></span> 
     </span>
     <span class='ocr_line' id='line_1_24' title="bbox 275 1690 1615 1743; baseline -0.002 -12"><span class='ocrx_word' id='word_1_198' title='bbox 275 1694 416 1742; x_wconf 89' lang='lat' dir='ltr'><strong>Tycho</strong></span> <span class='ocrx_word' id='word_1_199' title='bbox 432 1694 661 1731; x_wconf 83' lang='lat' dir='ltr'><strong>Mommsen</strong></span> <span class='ocrx_word' id='word_1_200' title='bbox 677 1693 800 1743; x_wconf 81' lang='lat' dir='ltr'><strong>(Mus.</strong></span> <span class='ocrx_word' id='word_1_201' title='bbox 820 1692 951 1730; x_wconf 87' lang='lat' dir='ltr'><strong>Rhen.</strong></span> <span class='ocrx_word' id='word_1_202' title='bbox 962 1692 1034 1729; x_wconf 76' lang='lat' dir='ltr'><strong>VI.</strong></span> <span class='ocrx_word' id='word_1_203' title='bbox 1047 1692 1141 1743; x_wconf 84' lang='lat'><strong>628)</strong></span> <span class='ocrx_word' id='word_1_204' title='bbox 1154 1692 1205 1730; x_wconf 86' lang='lat' dir='ltr'><strong>ad</strong></span> <span class='ocrx_word' id='word_1_205' title='bbox 1221 1693 1358 1729; x_wconf 83' lang='lat' dir='ltr'><strong>Danos</strong></span> <span class='ocrx_word' id='word_1_206' title='bbox 1371 1690 1615 1742; x_wconf 80' lang='lat' dir='ltr'><strong>(Denmark)</strong></span> 
     </span>
     <span class='ocr_line' id='line_1_25' title="bbox 275 1756 1613 1808; baseline -0.001 -12"><span class='ocrx_word' id='word_1_207' title='bbox 275 1758 406 1796; x_wconf 88' lang='lat' dir='ltr'><strong>referri</strong></span> <span class='ocrx_word' id='word_1_208' title='bbox 441 1757 576 1808; x_wconf 81' lang='lat' dir='ltr'><strong>possit.</strong></span> <span class='ocrx_word' id='word_1_209' title='bbox 639 1758 780 1807; x_wconf 81' lang='lat' dir='ltr'><strong>Itaque</strong></span> <span class='ocrx_word' id='word_1_210' title='bbox 812 1764 850 1795; x_wconf 91' lang='lat' dir='ltr'><strong>et</strong></span> <span class='ocrx_word' id='word_1_211' title='bbox 882 1758 1023 1794; x_wconf 83' lang='lat' dir='ltr'><strong>lacuna</strong></span> <span class='ocrx_word' id='word_1_212' title='bbox 1056 1756 1120 1794; x_wconf 82' lang='lat' dir='ltr'><strong>illa</strong></span> <span class='ocrx_word' id='word_1_213' title='bbox 1150 1769 1252 1806; x_wconf 84' lang='lat' dir='ltr'><strong>quae</strong></span> <span class='ocrx_word' id='word_1_214' title='bbox 1282 1763 1340 1795; x_wconf 87' lang='lat' dir='ltr'><strong>est</strong></span> <span class='ocrx_word' id='word_1_215' title='bbox 1370 1763 1462 1795; x_wconf 80' lang='lat' dir='ltr'><strong>ante</strong></span> <span class='ocrx_word' id='word_1_216' title='bbox 1492 1770 1528 1794; x_wconf 91' lang='lat' dir='ltr'><strong>u.</strong></span> <span class='ocrx_word' id='word_1_217' title='bbox 1563 1770 1613 1806; x_wconf 83' lang='lat'><strong>34</strong></span> 
     </span>
     <span class='ocr_line' id='line_1_26' title="bbox 276 1821 1614 1872; baseline 0 -11"><span class='ocrx_word' id='word_1_218' title='bbox 276 1824 534 1872; x_wconf 71' lang='lat' dir='ltr'><strong>lVeqm&#39;quam,</strong></span> <span class='ocrx_word' id='word_1_219' title='bbox 564 1823 705 1860; x_wconf 70' lang='lat' dir='ltr'><strong>nostris</strong></span> <span class='ocrx_word' id='word_1_220' title='bbox 724 1822 858 1871; x_wconf 68' lang='lat' dir='ltr'><strong>potius</strong></span> <span class='ocrx_word' id='word_1_221' title='bbox 883 1823 1020 1859; x_wconf 74' lang='lat' dir='ltr'><strong>deuota</strong></span> <span class='ocrx_word' id='word_1_222' title='bbox 1051 1822 1187 1859; x_wconf 68' lang='lat' dir='ltr'><strong>libellis</strong></span> <span class='ocrx_word' id='word_1_223' title='bbox 1217 1821 1422 1860; x_wconf 87' lang='lat' dir='ltr'><strong>uniuersos</strong></span> <span class='ocrx_word' id='word_1_224' title='bbox 1453 1822 1614 1861; x_wconf 85' lang='lat' dir='ltr'><strong>codices</strong></span> 
     </span>
     <span class='ocr_line' id='line_1_27' title="bbox 275 1886 1612 1936; baseline 0 -11"><span class='ocrx_word' id='word_1_225' title='bbox 275 1887 431 1935; x_wconf 81' lang='lat' dir='ltr'><strong>inuasit,</strong></span> <span class='ocrx_word' id='word_1_226' title='bbox 462 1895 499 1925; x_wconf 87' lang='lat' dir='ltr'><strong>et</strong></span> <span class='ocrx_word' id='word_1_227' title='bbox 541 1887 640 1925; x_wconf 85' lang='lat' dir='ltr'><strong>inter</strong></span> <span class='ocrx_word' id='word_1_228' title='bbox 671 1886 753 1924; x_wconf 89' lang='lat' dir='ltr'><strong>Dir.</strong></span> <span class='ocrx_word' id='word_1_229' title='bbox 792 1900 863 1936; x_wconf 84' lang='lat'><strong>103</strong></span> <span class='ocrx_word' id='word_1_230' title='bbox 895 1894 932 1924; x_wconf 87' lang='lat' dir='ltr'><strong>et</strong></span> <span class='ocrx_word' id='word_1_231' title='bbox 969 1900 1042 1933; x_wconf 80' lang='lat'><strong>104</strong></span> <span class='ocrx_word' id='word_1_232' title='bbox 1072 1887 1138 1936; x_wconf 83' lang='lat' dir='ltr'><strong>qui</strong></span> <span class='ocrx_word' id='word_1_233' title='bbox 1170 1899 1305 1924; x_wconf 86' lang='lat' dir='ltr'><strong>uersus</strong></span> <span class='ocrx_word' id='word_1_234' title='bbox 1336 1886 1491 1925; x_wconf 90' lang='lat' dir='ltr'><strong>initium</strong></span> <span class='ocrx_word' id='word_1_235' title='bbox 1521 1887 1612 1925; x_wconf 83' lang='lat' dir='ltr'><strong>facit</strong></span> 
     </span>
     <span class='ocr_line' id='line_1_28' title="bbox 275 1951 1611 2003; baseline -0.001 -12"><span class='ocrx_word' id='word_1_236' title='bbox 275 1954 369 1991; x_wconf 89' lang='lat' dir='ltr'><strong>noui</strong></span> <span class='ocrx_word' id='word_1_237' title='bbox 419 1951 624 2003; x_wconf 87' lang='lat' dir='ltr'><strong>poematis,</strong></span> <span class='ocrx_word' id='word_1_238' title='bbox 666 1952 812 2001; x_wconf 73' lang='lat' dir='ltr'><strong>Lydiae</strong></span> <span class='ocrx_word' id='word_1_239' title='bbox 862 1951 1001 1990; x_wconf 90' lang='lat' dir='ltr'><strong>merito</strong></span> <span class='ocrx_word' id='word_1_240' title='bbox 1049 1965 1070 1988; x_wconf 82' lang='lat' dir='ltr'><strong>a</strong></span> <span class='ocrx_word' id='word_1_241' title='bbox 1120 1954 1180 1989; x_wconf 85' lang='lat' dir='ltr'><strong>Fr.</strong></span> <span class='ocrx_word' id='word_1_242' title='bbox 1224 1952 1366 1989; x_wconf 87' lang='lat' dir='ltr'><strong>Iacobs</strong></span> <span class='ocrx_word' id='word_1_243' title='bbox 1404 1952 1611 2002; x_wconf 83' lang='lat' dir='ltr'><strong>adsignati,</strong></span> 
     </span>
     <span class='ocr_line' id='line_1_29' title="bbox 275 2017 1612 2068; baseline -0.001 -12"><span class='ocrx_word' id='word_1_244' title='bbox 275 2017 486 2068; x_wconf 82' lang='lat' dir='ltr'><strong>uestigium</strong></span> <span class='ocrx_word' id='word_1_245' title='bbox 508 2017 703 2056; x_wconf 82' lang='lat' dir='ltr'><strong>interstitii</strong></span> <span class='ocrx_word' id='word_1_246' title='bbox 725 2018 877 2055; x_wconf 87' lang='lat' dir='ltr'><strong>nullum</strong></span> <span class='ocrx_word' id='word_1_247' title='bbox 899 2017 1089 2067; x_wconf 80' lang='lat' dir='ltr'><strong>praebent</strong></span> <span class='ocrx_word' id='word_1_248' title='bbox 1112 2018 1215 2055; x_wconf 76' lang='lat' dir='ltr'><strong>MSS</strong></span> <span class='ocrx_word' id='word_1_249' title='bbox 1236 2031 1243 2054; x_wconf 73' lang='grc' dir='ltr'>ι</span> <span class='ocrx_word' id='word_1_250' title='bbox 1273 2030 1411 2055; x_wconf 87' lang='lat' dir='ltr'><strong>uerum</strong></span> <span class='ocrx_word' id='word_1_251' title='bbox 1432 2018 1550 2055; x_wconf 87' lang='lat' dir='ltr'><strong>etiam</strong></span> <span class='ocrx_word' id='word_1_252' title='bbox 1573 2017 1612 2055; x_wconf 90' lang='lat' dir='ltr'><strong>in</strong></span> 
     </span>
     <span class='ocr_line' id='line_1_30' title="bbox 276 2081 1612 2133; baseline -0.001 -12"><span class='ocrx_word' id='word_1_253' title='bbox 276 2091 360 2123; x_wconf 90' lang='lat' dir='ltr'><strong>toto</strong></span> <span class='ocrx_word' id='word_1_254' title='bbox 382 2084 565 2128; x_wconf 87' lang='lat' dir='ltr'><strong>carmine,</strong></span> <span class='ocrx_word' id='word_1_255' title='bbox 589 2096 634 2121; x_wconf 84' lang='lat' dir='ltr'><strong>ac</strong></span> <span class='ocrx_word' id='word_1_256' title='bbox 655 2081 864 2133; x_wconf 84' lang='lat' dir='ltr'><strong>praecipue</strong></span> <span class='ocrx_word' id='word_1_257' title='bbox 885 2082 925 2120; x_wconf 88' lang='lat' dir='ltr'><strong>in</strong></span> <span class='ocrx_word' id='word_1_258' title='bbox 951 2084 1131 2131; x_wconf 76' lang='lat'>104-183</span> <span class='ocrx_word' id='word_1_259' title='bbox 1155 2081 1328 2132; x_wconf 78' lang='lat' dir='ltr'><strong>(Lydia),</strong></span> <span class='ocrx_word' id='word_1_260' title='bbox 1348 2083 1450 2121; x_wconf 86' lang='lat' dir='ltr'><strong>adeo</strong></span> <span class='ocrx_word' id='word_1_261' title='bbox 1471 2082 1612 2120; x_wconf 75' lang='lat' dir='ltr'><strong>uitiosa</strong></span> 
     </span>
    </p>

    <p class='ocr_par' dir='ltr' id='par_1_4' title="bbox 323 2185 1206 2226">
     <span class='ocr_line' id='line_1_31' title="bbox 323 2185 1206 2226; baseline -0.001 -9"><span class='ocrx_word' id='word_1_262' title='bbox 323 2187 330 2204; x_wconf 88' lang='lat'><strong>¹</strong></span> <span class='ocrx_word' id='word_1_263' title='bbox 357 2187 537 2217; x_wconf 83' lang='lat' dir='ltr'><strong>American</strong></span> <span class='ocrx_word' id='word_1_264' title='bbox 553 2187 697 2224; x_wconf 80' lang='lat' dir='ltr'><strong>Journal</strong></span> <span class='ocrx_word' id='word_1_265' title='bbox 715 2187 754 2217; x_wconf 90' lang='lat' dir='ltr'><strong>of</strong></span> <span class='ocrx_word' id='word_1_266' title='bbox 767 2186 947 2226; x_wconf 82' lang='lat' dir='ltr'><strong>Philology</strong></span> <span class='ocrx_word' id='word_1_267' title='bbox 965 2185 1054 2216; x_wconf 78' lang='lat' dir='ltr'>VIII.</span> <span class='ocrx_word' id='word_1_268' title='bbox 1077 2197 1108 2226; x_wconf 93' lang='lat' dir='ltr'><strong>p.</strong></span> <span class='ocrx_word' id='word_1_269' title='bbox 1132 2187 1206 2224; x_wconf 81' lang='lat'><strong>408.</strong></span> 
     </span>
    </p>

    <p class='ocr_par' dir='ltr' id='par_1_5' title="bbox 278 2229 1612 2313">
     <span class='ocr_line' id='line_1_32' title="bbox 321 2229 1610 2269; baseline 0 -8"><span class='ocrx_word' id='word_1_270' title='bbox 321 2232 332 2248; x_wconf 79' lang='lat'><strong>²</strong></span> <span class='ocrx_word' id='word_1_271' title='bbox 358 2232 413 2261; x_wconf 71' lang='lat' dir='ltr'><strong>Sic</strong></span> <span class='ocrx_word' id='word_1_272' title='bbox 431 2230 602 2261; x_wconf 80' lang='lat' dir='ltr'><strong>Henricus</strong></span> <span class='ocrx_word' id='word_1_273' title='bbox 613 2230 696 2260; x_wconf 91' lang='lat' dir='ltr'>VIII</span> <span class='ocrx_word' id='word_1_274' title='bbox 716 2240 775 2260; x_wconf 83' lang='lat' dir='ltr'><strong>rex</strong></span> <span class='ocrx_word' id='word_1_275' title='bbox 789 2229 977 2269; x_wconf 84' lang='lat' dir='ltr'><strong>Anglorum</strong></span> <span class='ocrx_word' id='word_1_276' title='bbox 996 2230 1030 2260; x_wconf 89' lang='lat' dir='ltr'><strong>in</strong></span> <span class='ocrx_word' id='word_1_277' title='bbox 1048 2230 1233 2269; x_wconf 75' lang='lat' dir='ltr'><strong>exemplari</strong></span> <span class='ocrx_word' id='word_1_278' title='bbox 1251 2229 1457 2260; x_wconf 67' lang='lat' dir='ltr'><strong>Asst’rlsom&#39;s</strong></span> <span class='ocrx_word' id='word_1_279' title='bbox 1474 2241 1490 2269; x_wconf 91' lang='lat'><strong>7</strong></span> <span class='ocrx_word' id='word_1_280' title='bbox 1503 2241 1610 2261; x_wconf 71' lang='lat' dir='ltr'><strong>sacra-</strong></span> 
     </span>
     <span class='ocr_line' id='line_1_33' title="bbox 278 2273 1612 2313; baseline 0 -9"><span class='ocrx_word' id='word_1_281' title='bbox 278 2278 466 2305; x_wconf 76' lang='lat' dir='ltr'><strong>mentorum</strong></span> <span class='ocrx_word' id='word_1_282' title='bbox 506 2273 670 2305; x_wconf 57' lang='lat' dir='ltr'><strong>adiremus</strong></span> <span class='ocrx_word' id='word_1_283' title='bbox 707 2273 756 2304; x_wconf 93' lang='lat' dir='ltr'><strong>M.</strong></span> <span class='ocrx_word' id='word_1_284' title='bbox 794 2273 979 2304; x_wconf 75' lang='lat' dir='ltr'><strong>ththernm</strong></span> <span class='ocrx_word' id='word_1_285' title='bbox 1017 2273 1107 2313; x_wconf 92' lang='lat' dir='ltr'><strong>quod</strong></span> <span class='ocrx_word' id='word_1_286' title='bbox 1143 2273 1316 2304; x_wconf 86' lang='lat' dir='ltr'><strong>Ludouico</strong></span> <span class='ocrx_word' id='word_1_287' title='bbox 1347 2273 1378 2304; x_wconf 93' lang='lat'><strong>11</strong></span> <span class='ocrx_word' id='word_1_288' title='bbox 1413 2273 1612 2313; x_wconf 77' lang='lat' dir='ltr'><strong>Hungariae</strong></span> 
     </span>
    </p>
   </div>
   <div class='ocr_carea' id='block_1_3' title="bbox 278 2316 1615 2400">
    <p class='ocr_par' dir='ltr' id='par_1_6' title="bbox 278 2316 1615 2400">
     <span class='ocr_line' id='line_1_34' title="bbox 278 2316 1615 2358; baseline -0.002 -9"><span class='ocrx_word' id='word_1_289' title='bbox 278 2318 348 2357; x_wconf 87' lang='lat' dir='ltr'><strong>regi</strong></span> <span class='ocrx_word' id='word_1_290' title='bbox 374 2317 512 2348; x_wconf 84' lang='lat' dir='ltr'><strong>donauit</strong></span> <span class='ocrx_word' id='word_1_291' title='bbox 535 2317 666 2347; x_wconf 84' lang='lat' dir='ltr'><strong>titulum</strong></span> <span class='ocrx_word' id='word_1_292' title='bbox 692 2327 755 2347; x_wconf 86' lang='lat' dir='ltr'><strong>sua</strong></span> <span class='ocrx_word' id='word_1_293' title='bbox 772 2327 872 2347; x_wconf 86' lang='lat' dir='ltr'><strong>manu</strong></span> <span class='ocrx_word' id='word_1_294' title='bbox 892 2317 1071 2356; x_wconf 85' lang='lat' dir='ltr'><strong>adscripsit</strong></span> <span class='ocrx_word' id='word_1_295' title='bbox 1098 2318 1164 2358; x_wconf 70' lang='lat' dir='ltr'><strong>regi</strong></span> <span class='ocrx_word' id='word_1_296' title='bbox 1180 2316 1300 2348; x_wconf 72' lang='lat' dir='ltr'><strong>Daciae</strong></span> <span class='ocrx_word' id='word_1_297' title='bbox 1323 2316 1554 2358; x_wconf 74' lang='lat' dir='ltr'><strong>(Monograph</strong></span> <span class='ocrx_word' id='word_1_298' title='bbox 1577 2318 1615 2348; x_wconf 88' lang='lat' dir='ltr'><strong>of</strong></span> 
     </span>
     <span class='ocr_line' id='line_1_35' title="bbox 279 2360 950 2400; baseline -0.003 -8"><span class='ocrx_word' id='word_1_299' title='bbox 279 2362 335 2392; x_wconf 76' lang='lat' dir='ltr'><strong>the</strong></span> <span class='ocrx_word' id='word_1_300' title='bbox 357 2361 513 2400; x_wconf 65' lang='lat' dir='ltr'><strong>Rylands</strong></span> <span class='ocrx_word' id='word_1_301' title='bbox 535 2360 685 2400; x_wconf 79' lang='lat' dir='ltr'><strong>Library,</strong></span> <span class='ocrx_word' id='word_1_302' title='bbox 708 2362 799 2400; x_wconf 70' lang='lat' dir='ltr'><strong>1906y</strong></span> <span class='ocrx_word' id='word_1_303' title='bbox 825 2371 856 2400; x_wconf 89' lang='lat' dir='ltr'><strong>p.</strong></span> <span class='ocrx_word' id='word_1_304' title='bbox 880 2361 950 2399; x_wconf 42' lang='lat'><strong>34³.</strong></span> 
     </span>
    </p>
   </div>
   <div class='ocr_carea' id='block_1_4' title="bbox 926 2415 1113 2560">
    <p class='ocr_par' dir='ltr' id='par_1_7' title="bbox 926 2415 1113 2560">
     <span class='ocr_line' id='line_1_36' title="bbox 926 2415 1098 2541; baseline -0.006 -88"><span class='ocrx_word' id='word_1_305' title='bbox 926 2415 976 2453; x_wconf 87' lang='lat' dir='ltr'><strong>xii</strong></span> <span class='ocrx_word' id='word_1_306' title='bbox 1014 2432 1098 2541; x_wconf 39' lang='grc' dir='ltr'><strong>Χ,</strong></span> 
     </span>
     <span class='ocr_line' id='line_1_37' title="bbox 1068 2522 1113 2560; baseline 0 0"><span class='ocrx_word' id='word_1_307' title='bbox 1068 2522 1113 2560; x_wconf 43' lang='grc' dir='ltr'><em>Ἰ</em></span> 
     </span>
    </p>
   </div>
   <div class='ocr_carea' id='block_1_5' title="bbox 1126 2559 1513 2802">
    <p class='ocr_par' dir='ltr' id='par_1_8' title="bbox 1126 2559 1513 2802">
     <span class='ocr_line' id='line_1_38' title="bbox 1126 2559 1513 2802; baseline 0 0"><span class='ocrx_word' id='word_1_308' title='bbox 1126 2559 1513 2802; x_wconf 95' lang='lat' dir='ltr'><strong> </strong></span> 
     </span>
    </p>
   </div>
  </div>
 </body>
</html>
