1820 2802
690 158 1012 196 PRAEFATIO

187 269 261 308 nisi
291 269 330 307 in
360 268 637 308 recentissimis
666 270 779 307 MSS.
841 270 899 306 Ea
929 275 1019 306 sunt
1048 269 1153 307 Ciris
1178 268 1367 317 Preizpeffl
1403 270 1517 306 Cala-

186 335 320 384 lepton,
338 347 439 384 quae
460 347 533 372 ηερ
554 333 593 371 in
612 333 809 372 Bembino
826 345 899 371 nec
920 332 959 370 in
981 332 1064 371 eius
1077 333 1305 382 apographo
1321 331 1394 380 <sic
1411 332 1515 370 enim

186 405 316 448 potest
332 398 485 449 haberi)
493 398 606 436 Bodl.
618 399 732 435 Auct.
750 399 790 435 F.
808 411 837 435 1.
855 411 869 434 1
881 409 899 445 7
915 409 988 435 nec
1005 395 1044 433 in
1059 395 1244 434 Parisinis
1259 393 1366 433 TEP
1382 395 1516 446 (8069,

188 464 303 512 8093,
343 462 461 513 7927)
501 461 643 500 necin
682 462 900 512 fragmento
939 461 1162 500 Stabulensi
1199 460 1334 511 (Paris.
1373 461 1518 510 17177)

186 540 260 565 ηερ
294 527 334 564 in
374 525 626 565 ΜεΙΙίρεηεί2
659 526 798 565 codice
837 528 969 564 locum
1003 525 1162 564 habent.
1223 526 1276 562 At
1307 525 1519 569 spsoretum,

187 591 368 641 quamuis
388 592 440 630 ab
474 598 641 640 utroque
671 592 850 640 catalogo
880 591 1162 640 opusculorum
1193 596 1231 627 et
1261 588 1451 627 Seruiano
1481 597 1518 627 et

190 655 416 694 Donatiano
439 655 551 702 absit,
574 668 665 694 cum
699 656 828 693 Aetna
867 656 991 693 Culc'ce
1029 656 1133 703 Copa
1168 654 1288 691 Diris
1319 666 1399 691 non
1434 666 1518 690 raro

187 720 438 770 coniungitur
458 736 464 759 :
495 721 605 770 quod
626 720 732 759 idem
755 720 872 767 cadit,
896 727 934 758 et
955 719 1117 769 quidem
1139 718 1378 768 saepissime,
1395 718 1434 756 in
1455 718 1519 756 illa

186 786 267 823 Est
291 791 328 822 et
353 785 447 824 Non
480 786 549 823 Vir
565 786 704 822 Bonus
732 787 868 831 Rosae,
899 785 997 822 haec
1026 783 1132 822 enim
1160 782 1295 821 nescio
1316 796 1396 833 quo
1426 790 1520 821 tem-

187 862 282 899 pore
316 849 356 887 in
394 849 563 899 priorem
599 851 774 899 syllogen
812 851 1024 899 adsumpta
1055 856 1094 887 et
1125 856 1327 897 tamquam
1360 847 1520 897 Vergilii

186 913 360 952 lectitata
379 921 480 951 sunt.
559 956 562 959 ¹

243 978 472 1016 Habemus3
499 977 623 1027 igitur,
647 984 689 1015 ut
719 991 825 1015 nunc
845 984 914 1024 est,
937 976 1137 1026 duplicem
1159 978 1333 1026 syllogen
1356 977 1522 1026 pseudo-

188 1042 465 1092 Vergilianam,
498 1055 663 1092 quarum
699 1041 738 1079 in
773 1041 900 1091 priore
934 1041 1227 1091 coniunguntur
1261 1042 1384 1080 Culex
1417 1043 1521 1090 Cojuz

187 1107 327 1154 Dirae,
348 1119 651 1156 nonnumquam
671 1107 800 1144 Aetna
827 1112 865 1144 et
886 1107 1093 1153 Afferetztm,
1117 1107 1350 1155 plerumque
1379 1107 1460 1143 Est
1489 1112 1526 1143 et

187 1173 280 1210 Non
311 1172 380 1209 Vir
401 1173 537 1209 Bonus
565 1173 718 1219 Rosae,
752 1171 791 1208 in
821 1172 941 1210 altera
975 1171 1080 1209 Ciris
1099 1171 1271 1219 Pm’apea
1297 1171 1522 1219 Calaleptcm

190 1238 263 1283 uel,
283 1243 324 1274 ut
344 1250 413 1287 per
433 1236 590 1275 codices
608 1235 749 1274 tradita
770 1249 923 1286 sequar,
950 1237 1054 1275 Ciris
1079 1237 1340 1284 Cataleptoffl.

245 1303 401 1339 Harum
448 1302 614 1339 duarum
665 1302 901 1350 syllogarum
954 1300 1222 1339 diuersissima
1266 1314 1359 1347 sors,
1404 1302 1520 1338 ualde

190 1365 406 1415 inaequalis
436 1365 507 1403 fuit
533 1365 729 1404 condicio.
788 1365 898 1403 Prior
917 1365 1034 1412 enim,
1058 1365 1169 1403 cuius
1190 1365 1385 1414 optimum
1409 1367 1522 1403 Bem-

191 1430 307 1468 binus
336 1430 438 1481 (Vat.
475 1430 595 1481 3252)
623 1430 824 1480 specimen
853 1430 1030 1476 habetur,
1063 1430 1102 1467 in
1128 1430 1259 1468 multis
1292 1430 1524 1480 eisdemque

192 1494 408 1533 ueterrimis
438 1493 644 1532 codicibus
679 1502 911 1533 conseruata
943 1496 994 1533 ad
1033 1507 1106 1533 nos
1140 1494 1343 1544 peruenit:
1382 1496 1438 1533 uti
1477 1509 1523 1533 ex

191 1559 375 1598 codicum
392 1558 497 1608 siglis
518 1572 619 1608 quae
640 1559 854 1608 unicuique
874 1567 1103 1609 poematum
1124 1560 1291 1610 adposui
1307 1560 1521 1609 apparebit.

192 1627 246 1663 At
271 1625 375 1663 Ciris
399 1626 625 1674 Catalepton
648 1638 694 1663 ex
714 1638 795 1663 uno
816 1632 969 1663 tantum
992 1626 1169 1674 pendent
1190 1625 1329 1664 codice
1350 1625 1418 1675 qui
1439 1626 1524 1675 qui-

192 1691 284 1728 dem
305 1689 435 1727 bonus
456 1688 711 1739 sincerusque
739 1689 798 1736 sit,
823 1689 1066 1728 Bruxellensi
1093 1692 1190 1738 1067
1198 1702 1231 1740 5,
1255 1697 1293 1728 et
1315 1704 1365 1728 ne
1386 1690 1425 1728 in
1447 1691 1525 1728 hoc

193 1755 355 1805 quidem
380 1755 485 1792 Ciris
510 1753 584 1792 nisi
612 1768 677 1793 uu.
705 1766 887 1804 454—541
919 1762 1061 1801 extant,
1086 1756 1192 1793 unde
1223 1756 1368 1793 factum
1398 1763 1455 1794 est
1484 1764 1524 1793 ut

238 1899 248 1916 ¹
273 1898 309 1929 Si
328 1899 427 1928 modo
450 1898 513 1928 tria
538 1897 593 1928 illa
617 1898 765 1928 carmina
785 1898 827 1928 ad
846 1897 1002 1937 Priapum
1026 1908 1111 1937 quae
1133 1899 1175 1929 ad
1203 1908 1266 1929 nos
1291 1904 1523 1938 peruenerunt

194 1942 346 1982 praefixa
359 1941 546 1980 Cataleptis
562 1946 619 1972 aut
636 1942 755 1972 eadem
769 1946 848 1972 sunt
864 1945 921 1971 aut
939 1941 1028 1971 inter
1044 1951 1084 1972 ea
1098 1952 1184 1981 quae
1198 1941 1318 1972 Seruio
1336 1952 1374 1972 ac
1392 1943 1525 1973 Donato

196 1986 416 2024 Priapeorum
433 1984 570 2015 nomine
586 1984 816 2015 innotuerant.

234 2028 246 2046 ²
264 2028 383 2059 Codex
394 2032 446 2058 est
457 2028 653 2058 monasterii
664 2027 873 2058 Mellicensis
884 2028 1007 2068 (Mille)
1019 2028 1353 2059 iuxtaVindobonarn
1362 2028 1524 2069 <Viennass=

194 2071 332 2104 collatus
347 2082 367 2101 a
384 2071 509 2101 Carolo
527 2071 688 2109 Schenkl,
703 2081 723 2101 a
739 2081 806 2111 quo
823 2071 947 2102 saeculi
965 2071 997 2101 xi
1015 2072 1227 2103 existimatus
1244 2077 1307 2103 est.

237 2116 249 2133 ³
265 2115 312 2146 At
323 2115 358 2145 in
372 2115 517 2154 quodam
531 2114 647 2145 codice
664 2114 861 2145 monasterii
872 2114 1104 2146 Murbacensis
1122 2115 1218 2146 simul
1231 2116 1358 2154 scripta
1370 2120 1422 2145 est
1439 2120 1526 2145 tota

196 2159 305 2189 series
327 2158 429 2188 Dirae
447 2157 533 2188 Ciris
550 2157 654 2189 Culex
671 2157 861 2198 Catalepton
877 2157 989 2189 Aetna
1005 2158 1145 2199 Pm'apea
1164 2158 1252 2198 Copa
1267 2158 1433 2188 Moratum
1451 2168 1524 2188 cum

197 2202 401 2239 Maecenate3
431 2201 520 2232 hunc
544 2202 634 2231 enirn
659 2202 812 2232 ordinem
839 2201 939 2232 tradit
966 2201 1152 2241 Catalogus
1177 2202 1412 2232 Murbacensis
1435 2212 1525 2232 saec.

196 2245 276 2275 ix—x
301 2244 389 2285 apud
415 2243 548 2283 Matter,
575 2243 698 2275 Lettres
721 2248 750 2274 et
775 2243 874 2284 pt'bces
898 2255 986 2275 mres
1011 2255 1042 2284 p.
1071 2256 1114 2283 40
1139 2245 1328 2286 (Manitius,
1349 2244 1525 2285 Plzt'lologt'-

196 2288 286 2318 sclzes
300 2299 364 2319 aus
379 2288 466 2318 alten
486 2288 859 2328 Bz'blzbtlzekskatalogen
877 2298 908 2327 p.
930 2288 1000 2327 393.

240 2331 251 2349 ⁴
277 2331 464 2362 Bembinus
492 2331 583 2362 hunc
612 2332 767 2362 ordinem
796 2331 917 2362 habet:
954 2331 1057 2362 Culex
1080 2329 1185 2361 Dirae
1210 2331 1298 2372 Copa
1323 2330 1384 2362 Est
1400 2334 1430 2362 et
1451 2330 1525 2361 Nou

201 2374 261 2404 Vir
273 2375 394 2406 Bonus
415 2374 524 2405 Rosae
548 2375 728 2414 Morctmn,
747 2374 802 2414 qui
822 2375 910 2405 idem
929 2375 960 2404 in
984 2374 1079 2405 Bodl.
1100 2373 1198 2406 Auct.
1214 2375 1248 2406 F.
1273 2385 1299 2405 1.
1320 2385 1355 2413 17
1373 2379 1527 2405 seruatus

198 2422 259 2449 est.

844 2472 880 2510 ix
