1820 2802
768 153 1091 192 PRAEFATIO

264 263 501 303 accesserint
529 263 700 314 reliquis,
732 271 838 303 totus
870 276 1058 303 numerus
1091 263 1143 302 ad
1172 275 1318 301 nouem
1351 273 1600 300 consumma-

266 328 381 367 bitur.

322 395 486 432 Culicem
513 394 580 444 qui
600 393 761 444 Vergilii
782 394 991 432 haberetur
1021 392 1139 431 fuisse
1160 392 1199 430 in
1230 391 1413 430 manibus
1435 392 1599 429 Lucano

264 465 371 508 patet
398 472 445 497 ex
475 458 625 497 Donati
645 458 727 497 uita
757 457 908 496 Lucani
929 471 965 508 p.
990 469 1050 507 50,
1076 457 1190 495 Reiff.
1213 458 1389 495 Aetatem
1414 460 1450 493 et
1484 455 1599 493 initia

264 535 335 561 sua
355 536 437 561 cum
463 524 626 573 Vergilio
641 529 867 573 comparans
887 535 1005 560 ausus
1024 523 1077 559 sit
1093 522 1211 560 dicere
1229 522 1292 559 Et
1301 525 1489 570 quantum
1505 520 1604 558 mila·

265 593 387 626 restat
412 589 467 626 ad
485 589 661 635 Culicem,
686 595 724 627 et
755 587 879 626 Statio
900 589 936 626 S.
961 588 1016 625 II.
1044 598 1075 635 7.
1102 598 1151 636 74
1179 587 1282 624 Ante
1308 598 1430 623 annos
1458 584 1602 624 Culicis

265 653 552 692 Marom‘am‘et
568 653 691 691 Praef.
709 652 799 691 Silv.
818 653 849 699 I,
863 652 930 690 sed
937 657 974 690 et
992 652 1156 690 Culicem
1173 651 1332 700 legimus
1343 655 1380 687 et
1388 649 1602 688 Batracho—

267 718 538 766 myomaclziam
568 718 683 755 etiam
713 718 949 766 agnoscimus
978 729 1042 754 uec
1072 717 1276 765 quisquam
1306 720 1363 753 est
1387 715 1600 753 illustrium

256 787 462 831 poetarum
488 783 651 831 qui-uon
672 782 826 830 aliquid
841 781 1013 831 operibus
1037 781 1117 818 suis
1143 781 1231 818 stilo
1259 780 1470 817 remissiore
1493 785 1604 828 prae-

266 847 410 893 luserit,
434 853 472 885 et
494 845 667 884 Martiali
683 847 801 884 VIII.
820 847 881 896 56.
905 859 1033 895 19—20
1053 845 1243 883 Protinus
1261 845 1426 882 Italiam
1445 844 1607 894 concepit

266 916 302 949 et
326 924 439 949 arma
468 912 671 960 uirumque
696 911 779 960 Qui
802 911 909 948 modo
937 911 1008 948 nix
1033 910 1196 949 Culicem
1214 909 1391 958 fleuerat
1410 921 1473 946 ore
1498 908 1601 955 rudi,

267 978 378 1015 XIV.
395 991 410 1014 1
419 978 441 1015 8
447 988 466 1027 5
482 978 520 1015 A
524 977 616 1026 ccipe
617 976 791 1025 facundi
805 976 968 1014 Culicem
981 975 1145 1013 studiose
1157 975 1214 1012 M
1211 974 1354 1022 aronis,
1370 974 1434 1012 Ne
1449 973 1604 1012 nucibus

258 1042 397 1092 positis
420 1055 533 1080 arma
568 1042 770 1091 uirumque
801 1042 914 1090 legas,
937 1047 975 1079 et
1005 1039 1142 1078 Nonio
1169 1039 1275 1089 (211.
1312 1037 1377 1089 24)
1406 1039 1605 1077 Labrusca

350 1136 357 1144 .
389 1111 523 1144 neutro
548 1106 735 1155 Vergilius
753 1106 795 1144 2⁶22
812 1106 847 1144 C
847 1106 938 1143 ulice
959 1103 996 1155 (5
1005 1104 1044 1155 3)
1065 1105 1274 1153 Deumque
1293 1104 1475 1153 uirgultis
1495 1104 1608 1142 auide

268 1172 445 1209 labrusca
455 1177 658 1221 petuntur.

328 1237 556 1286 Catalepton
584 1235 667 1274 siue
697 1242 741 1274 ut
770 1234 972 1274 Ausonius
1000 1233 1135 1273 scribit
1161 1233 1361 1284 pluraliter
1400 1234 1606 1283 Catalepta

269 1314 350 1340 non
382 1301 510 1339 solum
540 1299 785 1351 grammatici
814 1306 1045 1350 agnoscunt,
1068 1300 1177 1338 uelut
1208 1298 1358 1337 Marius
1379 1297 1607 1337 Victorinus

269 1380 304 1416 p.
329 1377 400 1415 137
420 1367 470 1404 K
486 1366 685 1416 aepetztum
703 1370 761 1403 ter
780 1365 891 1403 haud
907 1365 1023 1402 aliter
1046 1377 1162 1413 quam
1183 1369 1229 1402 ut
1246 1364 1362 1402 amnt
1366 1363 1499 1413 fecisse
1526 1363 1609 1401 Ver-

263 1431 403 1479 g'ilzum
452 1435 623 1468 nostrum
672 1430 828 1468 zambico
874 1429 1146 1479 epigrammate
1193 1429 1377 1465 tlzalassio
1425 1427 1611 1466 thalassio

269 1495 455 1533 tlzalasszo
480 1495 690 1545 (Catalept.
718 1495 814 1532 XII.
839 1492 891 1543 9),
915 1494 985 1532 sed
1017 1491 1286 1541 Quintilianus
1316 1491 1452 1542 (VIII.
1478 1504 1512 1540 3.
1542 1491 1609 1543 27)

270 1559 511 1610 epigramma
540 1560 763 1598 secundum
787 1558 983 1610 integrum
1009 1556 1140 1596 attulit
1160 1556 1308 1596 omisso
1335 1564 1467 1595 tamen
1497 1570 1533 1595 u.
1561 1569 1606 1595 2:

271 1625 392 1661 multa
427 1624 508 1661 alia
535 1623 648 1660 etiam
680 1622 883 1660 audentius
912 1622 1034 1660 inseri
1041 1627 1215 1671 possunt,
1237 1622 1304 1659 sed
1319 1622 1375 1659 ita
1395 1622 1556 1669 demum,
1577 1622 1615 1659 si

271 1702 345 1727 uon
359 1694 548 1739 appareat
567 1687 777 1737 adfectatio,
794 1689 835 1726 in
855 1701 972 1737 quam
992 1688 1147 1737 mirifice
1167 1688 1353 1736 Vergilius
1370 1686 1611 1726 ‘Corinthio-

270 1767 355 1792 rum
393 1784 400 1791 .
439 1783 446 1791 .
486 1784 492 1791 .
532 1751 689 1791 miscuit
728 1751 834 1790 fratri
848 1753 870 1801 ',
908 1759 947 1790 et
990 1751 1192 1790 Ausonius
1231 1750 1338 1790 idem
1370 1751 1612 1802 epigramma

270 1819 309 1856 in
361 1816 797 1867 Grammaticomastige
845 1815 981 1855 citauit
1026 1817 1096 1856 sed
1142 1816 1194 1855 ita
1242 1823 1437 1854 mutatum
1479 1823 1522 1855 ut
1560 1817 1611 1855 ab

271 1883 446 1923 editione
482 1884 780 1933 Cataleptorum
811 1895 912 1933 quae
946 1884 997 1922 ad
1037 1895 1110 1921 nos
1144 1882 1185 1920 in
1207 1881 1451 1921 Bruxellensi
1471 1881 1612 1922 codice

270 1947 478 1987 descendit
506 1949 624 1998 longe
648 1946 844 1998 discrepet
874 1960 948 1986 nec
978 1960 1069 1986 cum
1099 1960 1145 1986 ea
1174 1954 1217 1985 ut
1246 1947 1462 1986 concordet
1488 1946 1613 1997 possit

270 2012 369 2063 cogi.
448 2012 598 2051 Plinius
641 2025 722 2063 quo
770 2011 932 2051 nomine
977 2012 1153 2051 dicturus
1197 2011 1312 2051 fuerit
1349 2013 1397 2050 P.
1457 2012 1618 2061 Vergilii

273 2078 476 2115 uersiculos
496 2089 644 2116 seueros
653 2083 804 2127 parum
822 2076 964 2128 (Epist.
985 2078 1033 2115 V.
1059 2090 1092 2127 3.
1114 2076 1153 2128 2)
1180 2075 1212 2115 si
1230 2090 1367 2116 eorum
1394 2077 1612 2127 expressius

273 2142 517 2182 mentionem
561 2142 728 2190 fecisset,
764 2142 958 2181 incertum
1001 2149 1083 2181 est:
1130 2141 1259 2193 potuit
1304 2141 1610 2193 Epigrammata,

272 2207 400 2256 potuit
431 2208 669 2258 Catalepton
703 2209 767 2247 uel
798 2207 917 2247 etiam
948 2207 1113 2258 Priapea
1140 2208 1349 2258 appellare.

332 2274 461 2312 Cirin¹
489 2272 628 2322 legisse
656 2273 813 2312 uidetur
839 2272 998 2311 Seruius
1028 2272 1096 2323 qui
1129 2273 1180 2311 ad
1213 2273 1295 2311 Ecl.
1319 2273 1390 2311 VI.
1422 2285 1444 2322 3
1476 2271 1611 2324 (quem

318 2357 329 2376 ¹
354 2357 407 2389 De
432 2358 495 2389 hoc
520 2357 649 2398 epyllio
673 2368 827 2398 magnam
853 2368 963 2399 nuper
993 2359 1086 2390 litem
1117 2359 1222 2390 mouit
1247 2358 1452 2390 Skutschius
1480 2359 1614 2390 duobus

274 2401 370 2434 libris
392 2401 473 2432 Aus
493 2401 635 2443 Vergil's
655 2403 830 2433 Frtzelzzcit
852 2403 966 2443 (1901)
993 2408 1026 2433 et
1053 2402 1173 2434 Gallus
1198 2402 1271 2434 und
1288 2402 1398 2443 Vergil
1419 2403 1537 2444 (1906)
1560 2402 1615 2434 ubi

938 2457 973 2495 vi
