1820 2802
296 161 446 200 GIRIS

295 278 389 318 tum,
424 285 511 309 mea
539 272 713 318 alumna,
744 270 799 308 tui
830 283 920 308 cum
951 283 1040 319 spes
1071 269 1220 320 integra
1250 278 1435 317 maneret,

294 342 333 374 et
362 349 440 374 uox
469 335 543 374 ista
571 349 679 374 meas
710 336 890 374 nondum
920 333 1136 373 uiolauerat
1165 334 1278 373 auris.

294 409 361 439 ten
391 400 509 439 etiam
540 401 696 439 fortuna
725 398 822 438 mihi
852 399 1021 438 crudelis
1050 399 1210 446 ademit,

295 472 374 514 ten,
403 479 500 514 quae
529 467 612 504 sola
641 478 753 503 meae
782 464 945 503 uiuendi
975 478 1093 503 causa
1122 466 1334 503 senectae?

295 543 413 580 saepe
443 538 511 568 tuo
542 529 648 568 dulci
678 528 920 580 nequiquam
951 537 1065 580 capta
1095 543 1248 579 sopore,
1565 543 1625 575 315

296 609 386 634 cum
417 602 610 645 premeret
640 602 787 642 natura,
820 594 919 633 mori
949 608 1012 633 me
1042 595 1144 633 uelle
1173 593 1325 644 negaui,

295 667 338 698 ut
368 659 439 698 tibi
470 659 638 710 Corycio
667 661 925 713 glom-erarem
955 661 1139 698 flammea
1167 661 1262 697 luto.
1558 676 1596 690 J

296 738 376 774 quo
407 737 513 762 nunc
543 737 617 771 me,
650 724 794 772 infelix,
826 731 893 763 aut
923 737 1025 774 quae
1055 738 1118 762 me
1149 725 1227 762 fata
1256 725 1486 762 reseruant?

296 803 345 827 an
377 789 516 836 nescis,
549 802 627 838 qua
656 790 741 839 lege
771 788 889 839 patris
920 790 969 827 de
1000 788 1146 827 uertice
1176 802 1333 827 summo

296 854 401 893 edita
430 853 637 913 candentis
668 860 866 903 praetexat
895 866 1067 904 purpura
1096 866 1231 913 capos,
1569 869 1632 899 520

296 933 397 969 quae
427 918 556 957 tenuis
586 917 711 969 patrio
741 932 852 973 praes
882 917 930 956 sit
960 932 1150 968 suspensa
1180 917 1351 968 capillo?

295 984 325 1022 si
357 983 496 1031 nescis,
527 982 700 1034 aliquam
730 973 891 1033 possum
923 996 1077 1033 sperare
1107 984 1285 1030 salutem,

297 1049 419 1088 inscia
449 1048 776 1099 quandoquidem
808 1050 934 1087 scelus
965 1062 1005 1086 es
1035 1055 1262 1097 conrQenta
1294 1049 1520 1086 nefandum.

296 1115 354 1153 sin
386 1121 444 1154 est
474 1114 583 1164 quod
613 1120 759 1160 metuo,
791 1126 859 1163 per
889 1120 936 1160 te,
970 1126 1058 1151 mea
1087 1114 1256 1160 alumna,
1290 1120 1507 1180 tpnmquek

297 1187 500 1241 expertum
531 1179 664 1217 multis
694 1178 860 1227 miserae
890 1177 986 1216 mihi
1016 1178 1132 1217 rebus
1162 1188 1349 1242 amolrsem,
1569 1193 1605 1223 32
1613 1193 1629 1224 5

297 1247 461 1296 perdere
492 1258 609 1283 saeua
639 1257 776 1295 precor
805 1257 874 1294 per
903 1242 1067 1282 flumina
1096 1248 1130 1281 te
1160 1243 1363 1294 Ilythyiae‚

296 1325 346 1349 ne
376 1317 529 1348 tantum
560 1309 625 1351 †in
655 1308 806 1347 facinus
835 1315 916 1347 tam
947 1309 1054 1346 nulla
1084 1315 1217 1347 mente
1246 1307 1431 1358 sequaris.

297 1389 379 1415 non
410 1389 483 1426 ego
512 1382 550 1414 te
580 1370 753 1425 inceptb‘,
783 1375 864 1413 fieri
896 1375 1005 1424 quod
1035 1387 1116 1412 non
1146 1381 1249 1424 pote,
1283 1386 1405 1412 conor

296 1442 453 1480 flectere
481 1430 626 1487 amore,
659 1453 789 1490 neque
818 1446 876 1478 est
906 1452 997 1477 cum
1027 1438 1087 1477 dis
1117 1440 1359 1477 contendere
1388 1446 1565 1476 nostrum
1582 1452 1591 1486 3

340 1555 401 1584 311
429 1549 498 1575 tum
516 1544 627 1574 ARU
711 1543 758 1573 tui
779 1543 956 1583 (suprascr.
971 1543 1047 1583 tibi)
1063 1543 1096 1572 A
1118 1554 1124 1573 :
1148 1542 1207 1573 tibi
1223 1542 1257 1572 R
1345 1547 1496 1573 maneret
1506 1542 1631 1574 ARU:

298 1588 453 1619 manebat
475 1587 641 1618 Heinsius
773 1596 836 1625 312
862 1591 896 1617 et
924 1586 975 1617 U:
1001 1597 1063 1617 nee
1088 1585 1157 1617 AR
1179 1585 1271 1626 quod
1291 1586 1466 1617 Buecheler
1480 1587 1633 1617 retinebat

298 1642 361 1671 313
386 1636 442 1662 ten
464 1631 599 1671 scripsi:
624 1629 764 1661 teneA:
788 1635 822 1660 te
836 1630 869 1660 R
1001 1640 1063 1669 314
1089 1629 1292 1661 teneARU
1398 1640 1483 1669 quae
1499 1630 1633 1671 schhsi:

297 1687 316 1706 o
337 1675 388 1706 U:
413 1685 478 1706 om.
506 1674 577 1704 AR
683 1683 746 1712 315
771 1684 834 1704 nec
850 1674 1030 1713 quicquam
1047 1673 1118 1703 AR
1235 1674 1298 1712 318
1322 1678 1378 1704 aut
1395 1684 1482 1712 quae
1503 1673 1552 1704 U:
1577 1678 1634 1704 aut

298 1729 365 1757 quo
381 1719 450 1749 AR
520 1718 657 1748 numina
675 1722 813 1752 seruant
834 1717 867 1747 U
951 1717 993 1747 ad
1012 1727 1097 1756 quae
1115 1727 1167 1747 me
1189 1717 1325 1747 numina
1348 1719 1507 1748 seruant?
1547 1727 1580 1748 n.
1600 1717 1631 1749 d.

302 1762 485 1793 Obserualt.
501 1761 544 1794 ΙΙ.
556 1772 631 1800 322.
673 1760 741 1791 Sed
756 1771 826 1791 mre
838 1760 999 1791 tradimus-71
1012 1771 1079 1790 esse
1088 1760 1154 1790 fata
1170 1765 1346 1791 reseruant
1360 1760 1537 1791 ostendunt
1545 1760 1631 1792 Aen.

301 1806 355 1837 IV.
371 1807 445 1846 368,
463 1805 501 1836 V.
515 1807 578 1845 625
590 1815 672 1845 quos
682 1805 765 1834 locos
777 1804 863 1834 idem
875 1815 905 1834 u.
920 1804 951 1835 d.
963 1803 1071 1834 attulit
1151 1813 1215 1842 320
1233 1804 1393 1835 cadentes
1404 1803 1437 1833 A
1495 1809 1632 1843 pretex-

299 1854 372 1880 erat
387 1850 420 1880 R
517 1858 578 1887 321
599 1858 699 1888 praes
711 1848 753 1878 sit
766 1847 902 1887 scripsi:
922 1847 1022 1889 presit
1035 1847 1083 1877 R:
1109 1847 1232 1887 pressit
1245 1847 1330 1878 AU:
1348 1857 1427 1887 spes
1438 1848 1482 1878 sit
1493 1847 1538 1878 ed.
1550 1858 1631 1888 1507

298 1902 361 1931 323
387 1897 580 1923 commenta
599 1891 733 1931 scripsi:
759 1891 925 1921 cantanda
945 1894 1122 1931 (suprascr.
1142 1891 1275 1930 conata>
1292 1891 1325 1920 A
1343 1903 1350 1922 :
1375 1902 1454 1922 esca
1470 1892 1633 1922 tentanda

298 1937 331 1967 R
349 1947 355 1966 :
380 1946 418 1966 es
434 1941 556 1966 conata
572 1935 752 1965 Ascensius
767 1934 800 1964 in
817 1933 864 1964 cd.
886 1944 966 1973 1507
1074 1943 1137 1973 324
1163 1944 1224 1974 per
1241 1940 1274 1965 te
1292 1945 1368 1965 mea
1387 1934 1577 1966 Gronom‘us
1589 1935 1636 1966 ad

298 1980 375 2010 Liu.
391 1979 522 2009 XXIX.
540 1979 588 2009 18.
604 1989 624 2017 9
640 1990 646 2009 ε
671 1988 734 2017 ρει·
750 1988 802 2008 me
820 1983 853 2008 tu
873 1982 1048 2017 (suprascr.
1065 1978 1153 2015 mea)
1170 1978 1203 2008 A
1220 1989 1226 2007 :
1246 1989 1272 2018 ,ρ
1286 1982 1399 2008 metuo
1411 1988 1437 2019 ,ρ
1455 1989 1508 2008 me
1526 1983 1560 2008 tu
1579 1979 1612 2008 R
1628 1990 1634 2008 ς

299 2033 360 2062 ρει·
372 2033 424 2053 me
436 2033 510 2053 mea
527 2022 560 2053 U
659 2031 720 2061 per
729 2026 773 2061 te,
788 2031 831 2052 m.
850 2032 890 2060 a.‚
907 2031 1085 2060 meumque
1097 2026 1276 2060 expertum
1288 2021 1404 2052 multis
1415 2021 1560 2052 miserae
1574 2022 1632 2052 tibi

299 2077 323 2098 r.
346 2077 374 2097 a.
395 2066 435 2096 E.
455 2066 495 2096 B.
519 2066 636 2097 Greene
750 2066 814 2104 326
839 2065 981 2104 perdere
999 2075 1101 2094 saeua
1115 2070 1252 2104 (scaeua
1268 2064 1315 2094 RN
1335 2064 1443 2095 ARU
1455 2065 1545 2104 quod
1558 2076 1633 2096 cum

299 2109 469 2140 Sclzenklio
486 2114 515 2140 ct
531 2109 700 2140 Rz'bbecleio
721 2109 858 2138 retinui:
884 2118 945 2147 per
959 2113 991 2138 te
1009 2118 1104 2138 sacra
1117 2107 1261 2148 Scahjger
1390 2109 1525 2139 flumina
1542 2109 1615 2139 RU
1626 2120 1631 2139 :

299 2154 436 2184 flumina
455 2155 485 2190 Λ
522 2163 541 2183 0
569 2151 677 2192 lythie
706 2162 816 2192 mmg.
848 2161 944 2182 sacra
971 2151 1029 2182 A:
1063 2151 1211 2190 elythiae
1228 2151 1262 2181 R
1350 2162 1412 2190 pet·
1436 2153 1572 2182 ssurnina
1599 2157 1633 2183 te

299 2197 468 2237 Ilythyiae
487 2196 602 2227 Il'nlz:
625 2205 686 2235 per
710 2196 742 2226 ss.
763 2195 933 2225 Lethaeea
953 2194 1168 2225 Salmasius:
1202 2204 1263 2234 per
1285 2195 1421 2225 flumina
1441 2199 1473 2225 te
1492 2195 1632 2226 Lethaei

298 2251 354 2280 ego
373 2240 451 2270 olim
468 2252 474 2270 :
499 2250 561 2280 per
577 2239 706 2270 lumina
724 2238 830 2278 Sillz'g,
850 2238 986 2269 Ribbeck
1073 2248 1134 2277 327
1159 2248 1202 2268 ne
1223 2238 1256 2268 U
1268 2243 1297 2268 et
1313 2238 1450 2268 Locust's
1465 2239 1630 2279 Epiplzyll.

296 2284 392 2315 V111.
411 2285 473 2314 26:
498 2293 561 2314 nec
578 2282 648 2312 AR
782 2281 874 2312 nulla
892 2283 1069 2322 (suprascr.
1088 2281 1193 2321 molli)
1217 2281 1249 2311 A
1268 2292 1274 2311 :
1300 2282 1390 2312 nulla
1408 2281 1462 2313 R:
1492 2282 1583 2313 molli
1604 2282 1637 2313 U

297 2338 362 2367 329
385 2337 500 2358 amore
526 2337 638 2366 neque
663 2330 714 2357 est
731 2325 810 2356 Ald.
834 2335 915 2365 1534
934 2337 939 2355 :
975 2335 1148 2356 amornec
1171 2325 1214 2355 sit
1234 2324 1305 2355 AR
1323 2337 1329 2356 ε
1353 2335 1447 2356 amor
1462 2335 1574 2365 neque
1591 2326 1634 2357 sit

302 2371 335 2401 U
348 2382 354 2402 :
389 2371 532 2401 codicum
550 2371 714 2401 lectionem
732 2370 807 2400 tm'ti
820 2373 900 2399 sunt
919 2369 1026 2400 Naeke
1048 2368 1096 2399 ad
1116 2368 1187 2400 Dir.
1204 2374 1237 2409 p.
1258 2378 1321 2408 312
1341 2368 1566 2409 ‘Apostrophe
1589 2372 1636 2400 cst

297 2414 343 2446 ad
365 2414 526 2445 Amorem
539 2413 546 2426 '
570 2418 599 2444 ct
622 2424 654 2444 u.
671 2412 701 2443 d.
727 2413 908 2444 Obscrualt.
927 2412 968 2443 11.
989 2412 1130 2452 322‚l1ic
1143 2411 1275 2453 quidem
1299 2412 1337 2443 dc
1358 2412 1475 2452 Scylla,
1496 2413 1633 2445 Carmes

297 2458 424 2499 deliciis,
444 2458 656 2499 interpretans
