1820 2802
318 151 469 191 CIRIS

317 259 513 311 quidquid
543 266 582 298 et
611 266 653 297 ut
683 237 851 309 (suisque
880 264 939 296 est
968 257 1035 295 tali
1065 258 1116 296 de
1145 257 1453 312 cladevlocutus,

317 324 473 368 somnia
501 331 616 364 sunt:
654 323 785 374 potius
815 322 930 376 liceat
959 329 1163 384 note‘s-cere
1193 312 1345 385 (Σίἕίιζῇ
1609 336 1653 370 90

318 397 437 440 atque
467 402 586 428 unam
617 402 663 428 ex
693 387 826 427 multis
855 388 1026 437 Scyllam
1055 400 1137 425 non
1167 399 1252 425 esse
1280 385 1431 437 puellis.

317 467 448 504 quare,
481 467 582 505 quae
600 446 750 509 cantus
780 451 988 506 medjatanti
1018 451 1171 490 mittere
1200 458 1327 507 (ἐξῇρε
1533 458 1539 466 ¹
1565 448 1567 450 “
1614 460 1633 497 :¹
1664 444 1820 503 7:¹2}ss

318 518 587 582 magiia·“mjhi
614 517 763 569 cupido
792 516 982 556 tribuistis
1011 515 1195 568 praemia,
1227 515 1344 555 diuae

319 575 504 631 Pierides,
537 596 703 634 quarum
734 589 863 621 castos
882 574 1040 630 'alnaria
1067 581 1192 632 postis

885 624 1065 640 u-=-=-..-.—av·1

318 662 480 687 munere
509 661 627 698 saepe
657 661 747 686 meo
776 647 968 694 inficiunt,
999 639 1228 696 foribusque
1257 645 1457 695 hyacinthi
1609 661 1651 694 95

317 715 526 764 deponunt
555 714 669 752 flores
698 720 767 751 aut
796 725 918 750 suaue
947 712 1092 750 rubens
1122 711 1318 750 narcissus

317 786 385 816 aut
414 791 552 817 crocus
581 777 731 816 alterna
760 777 1005 827 coniungens
1034 776 1114 815 lilia
1143 777 1255 827 calta,

319 856 532 894 sparsaque
561 842 763 881 liminibus
793 843 905 880 floret
935 855 1033 889 rosa,
1066 854 1172 880 nunc
1201 854 1283 891 age,
1315 840 1445 888 diuae,

318 908 530 958 praecipue
559 915 694 946 nostro
724 920 831 946 nunc
860 906 1028 958 aspirate
1057 906 1181 945 labori

318 980 438 1023 atque
468 986 619 1011 nouum
649 979 809 1012 aeterno
839 971 1052 1022 praetexite
1082 973 1233 1010 honore
1263 972 1463 1011 uolumen.
1593 986 1654 1008 100

373 1039 473 1076 Sunt
503 1037 733 1077 Pandioniis
763 1036 917 1076 uicinae
946 1036 1107 1075 sedibus
1136 1037 1253 1075 urbes

319 1105 490 1142 Actaeos
520 1103 620 1143 inter
649 1103 759 1142 collis
789 1110 827 1142 et
856 1102 1027 1142 candida
1055 1102 1202 1141 Thesei

319 1168 524 1220 purpureis
553 1170 630 1207 late
660 1167 828 1208 ridentia
856 1167 970 1207 litora
999 1167 1173 1214 conchis,

319 1247 485 1285 quarum
515 1248 597 1273 non
627 1233 695 1272 ulli
706 1235 830 1272 :fama
857 1234 1077 1272 concedere
1106 1232 1225 1283 digna

319 1307 395 1339 stat
426 1302 589 1351 Megara
617 1300 781 1341 †Actaei
811 1300 1014 1350 quondam
1046 1298 1198 1338 munita
1226 1298 1360 1338 labore
1595 1312 1655 1346 105

320 1365 506 1405 Alcathoi
537 1364 795 1415 Phoebique3
838 1365 937 1404 deus
967 1377 1140 1415 namque
1168 1363 1295 1403 adfuit
1325 1363 1378 1402 illi
1395 1378 1404 1411 3

321 1432 428 1471 unde
458 1431 576 1470 etiam
607 1431 927 1488 citharawoces
957 1429 1131 1477 imitatus
1160 1436 1295 1483 acutas

320 1535 550 1567 Phast'am'nus
565 1536 626 1576 qui
643 1535 890 1576 Palaeplmtmn
912 1535 1048 1574 primus
1070 1533 1168 1566 edidit
1187 1538 1215 1565 et
1234 1534 1442 1565 Parrhasius
1467 1534 1502 1564 in
1521 1534 1656 1566 Claudi·

321 1590 429 1611 anum
450 1585 484 1621 p.
505 1580 579 1619 269.
638 1578 686 1619 Cf.
703 1579 730 1611 I.
750 1578 931 1610 Sclaraderz·
947 1579 1183 1618 Palaephatea‚
1203 1578 1308 1618 ibique
1330 1588 1414 1618 quae
1436 1578 1550 1609 attulit
1564 1577 1657 1609 Diels

319 1625 363 1664 89
389 1623 553 1663 quidquid
575 1623 623 1654 U:
648 1623 807 1663 quicquid
825 1622 893 1652 RA
1061 1622 1237 1662 quisquam
1255 1623 1337 1664 (om.
1357 1621 1423 1662 est)
1446 1621 1480 1652 U
1614 1632 1658 1662 90

321 1667 451 1698 somnia
466 1672 544 1698 sunt
563 1666 724 1697 Heinsius
740 1678 747 1696 :
770 1667 886 1697 omnia
902 1671 979 1697 sunt
996 1664 1090 1696 AU:
1113 1675 1212 1696 omne
1235 1675 1328 1696 suam
1348 1664 1382 1694 R
1399 1676 1406 1695 :
1430 1674 1530 1696 omne
1547 1665 1656 1696 sinam

326 1711 440 1752 Unger
569 1710 678 1750 cyrim
699 1709 755 1740 A:
782 1710 874 1740 crein
904 1709 955 1741 U:
979 1709 1061 1740 crini
1079 1708 1124 1740 ed.
1148 1710 1231 1748 1482
1363 1719 1405 1749 92
1430 1718 1533 1748 quare
1550 1714 1584 1740 et
1605 1708 1657 1740 U:

322 1765 428 1794 quare
457 1755 636 1796 (suprascr.
661 1754 709 1793 et)
737 1753 770 1784 A
836 1758 948 1784 certos
973 1753 1024 1784 U:
1060 1757 1154 1783 cetos
1181 1753 1215 1782 A
1236 1764 1243 1783 :
1279 1763 1399 1791 caecos
1425 1752 1482 1783 R:
1516 1757 1658 1793 coeptos

323 1798 507 1846 Ribbeckfz·
527 1801 639 1828 rectos
665 1797 760 1838 Bury
926 1806 968 1835 93
993 1806 1114 1836 magna
1140 1796 1240 1827 nimis
1269 1785 1324 1826 U}
1356 1801 1510 1835 magnam
1537 1796 1571 1826 hi
1599 1796 1657 1827 R:

441 1850 524 1867 nimis

324 1876 488 1916 magnas]
504 1875 537 1905 A
598 1874 720 1914 cupido
740 1875 916 1914 (suprascr.
932 1873 1000 1914 dis)
1013 1873 1158 1904 tribuisti
1179 1875 1356 1914 (suprascr.
1373 1873 1431 1904 tis*¹
1446 1872 1479 1903 A
1495 1884 1502 1904 :
1526 1872 1659 1913 cupidis

322 1919 470 1950 tribuisti
493 1919 526 1949 U
621 1919 698 1949 diua
714 1917 823 1949 ARU
924 1927 967 1956 94
992 1917 1121 1950 aluaria
1147 1918 1204 1958 (sc.
1231 1922 1350 1958 apum)
1382 1916 1514 1957 Unger:
1538 1917 1671 1955 altaria

323 1962 434 1994 ARU
446 1973 453 1993 :
484 1961 663 1993 alabastria
684 1962 811 2003 Bergk:
839 1961 987 2001 calparia
1012 1960 1133 2002 Haupt
1144 1962 1155 1992 ε’
1176 1960 1315 2001 aliparia
1342 1960 1475 1991 Minton
1496 1958 1658 1991 Warren:

323 2006 467 2047 pultaria
483 2005 578 2045 Bury
686 2015 729 2046 95
754 2004 955 2045 floribusque
971 2003 1042 2035 AR
1181 2005 1224 2044 98
1249 2003 1431 2035 luminibus
1462 2003 1496 2034 U
1558 2004 1660 2043 flores

325 2053 504 2091 (suprascr.
525 2052 552 2089 t)
574 2049 606 2080 U
670 2049 759 2088 agite
778 2049 811 2079 R
828 2060 835 2079 ε
859 2049 948 2087 agite
964 2048 998 2078 A
1059 2058 1123 2088 age
1140 2047 1187 2079 ed.
1206 2057 1288 2088 1507
1383 2057 1443 2078 102
1465 2047 1606 2079 actheos
1621 2047 1656 2077 A

326 2102 387 2133 103
405 2093 510 2134 later]
528 2092 562 2124 A
577 2104 583 2124 :
616 2092 711 2123 lateri
728 2092 761 2123 R
783 2092 871 2133 quod
883 2103 922 2122 ex
936 2091 1058 2122 iteratis
1073 2092 1185 2123 litteris
1201 2092 1228 2123 ri
1245 2095 1358 2123 ortum
1379 2090 1510 2121 uidetur
1598 2100 1658 2130 104

323 2137 400 2178 ulli]
419 2137 502 2168 nulli
520 2136 632 2167 ARU
720 2145 780 2175 105
804 2136 916 2167 aethei
934 2135 1002 2167 RA
1023 2147 1030 2166 :
1053 2136 1141 2166 actei
1157 2135 1207 2166 U:
1231 2134 1335 2175 Argei
1352 2133 1534 2165 Heinsius:
1558 2134 1658 2165 Alca-

324 2181 393 2212 thoi
411 2181 503 2221 uulg.
528 2180 564 2220 cf
590 2179 731 2221 Theogn.
753 2189 826 2219 773,
844 2190 863 2218 4
964 2178 1109 2219 munita]
1134 2183 1262 2210 mutata
1285 2177 1414 2209 ARU:
1442 2183 1571 2209 murata
1603 2187 1660 2218 ego

323 2224 414 2265 olim,
443 2235 519 2255 cum
546 2224 584 2254 id
610 2223 807 2255 uocabulum
831 2223 876 2254 R.
900 2223 934 2254 Y.
974 2222 1099 2263 Tyrrell
1125 2222 1207 2254 satis
1231 2221 1442 2263 probabiliter
1472 2221 1662 2252 restituisset

327 2267 551 2300 Cicerom'Att.
568 2268 623 2298 1V.
639 2268 688 2299 16.
706 2278 723 2307 7
850 2269 912 2298 106
935 2266 1083 2298 alcatoae
1102 2267 1284 2307 (suprascr.
1300 2266 1337 2307 h)
1357 2265 1389 2295 R
1404 2276 1411 2296 z
1435 2265 1590 2296 alchatoe
1603 2263 1637 2294 A
1653 2275 1660 2294 :

324 2311 481 2342 Alcathoi
500 2310 581 2342 Ald.
605 2320 685 2351 1517
820 2311 924 2342 decus
941 2310 1067 2341 ARU:
1093 2310 1222 2341 Phoebi
1240 2319 1347 2349 usque
1363 2309 1467 2340 decus
1483 2319 1490 2340 :
1515 2318 1659 2348 namque

329 2354 443 2396 Unger
550 2365 609 2394 107
635 2355 782 2386 imitatus
799 2364 831 2386 u,
844 2353 877 2387 d.
897 2354 1079 2386 Obseruatt.
1100 2353 1143 2385 11.
1159 2363 1224 2393 319
1239 2363 1246 2384 ε
1270 2353 1443 2384 imitantur
1458 2352 1492 2384 A
1501 2352 1534 2383 U
