1820 2802
298 149 476 187 DIRAE

293 260 521 307 transuolet,
544 257 750 297 arboribus
781 257 995 306 coniungat
1025 261 1063 294 et
1092 255 1207 293 ardor
1236 254 1385 292 aristas.

297 324 445 375 pertica
474 336 553 374 qua
582 330 737 361 nostros
768 327 915 359 metata
945 327 1003 358 est
1033 320 1153 369 impia
1181 319 1338 369 agellos,
1588 330 1629 363 45

294 402 373 439 qua
402 389 523 427 nostri
553 388 650 426 fines
680 387 786 433 olim,
818 385 915 424 einis
946 384 1079 423 omnia
1108 385 1184 422 fiat.

295 453 351 492 sic
380 466 528 504 precor,
560 459 598 491 et
629 451 770 490 nostris
800 457 985 501 superent
1014 451 1112 488 haec
1141 449 1315 487 carmina
1344 446 1458 486 uotis.

349 519 492 557 Vndae
522 530 624 567 quae
654 516 792 555 uestris
822 515 983 566 pulsatis
1013 514 1126 554 litora
1155 512 1338 564 lymphis,

295 583 408 621 litora
438 595 539 632 quae
569 580 695 620 dulcis
724 593 836 619 auras
867 578 1085 618 diffunditis
1114 577 1225 628 agris,

295 646 462 697 accipite
492 648 562 684 has
593 659 722 684 uoces.
782 645 921 695 migret
951 646 1163 694 Neptunus
1193 642 1232 681 in
1261 655 1354 681 arua
1592 657 1636 689 50

300 711 484 750 fluetibus
514 718 553 749 et
583 710 706 760 spissa
736 722 898 759 campos
928 709 1138 759 perfundat
1167 709 1323 746 harena.

300 790 378 827 qua
407 777 612 814 Vulcanus
641 786 754 824 agros
783 780 917 823 pastus
948 773 1057 811 Iouis
1087 771 1242 822 ignibus
1272 778 1387 819 arcet,

298 842 463 880 barbara
493 840 645 879 dicatur
676 838 848 889 Libycae
877 851 985 877 soror
1013 839 1133 876 altera
1163 836 1293 887 Syrtis.

355 906 522 945 Tristius
552 906 639 953 hoc,
673 903 846 951 memini,
879 907 1175 949 †reuocasset†‚
1209 903 1377 950 Battare,
1409 915 1578 941 carmen.

300 973 411 1022 nigro
442 971 565 1009 multa
594 970 690 1008 mari
720 970 858 1008 dicunt
888 975 1069 1019 portenta
1098 975 1243 1015 natare,
1594 979 1634 1013 55

302 1043 477 1075 monstra
507 1033 720 1086 repentinis
750 1034 935 1072 terrentia
964 1045 1081 1082 saepe
1111 1032 1252 1082 figuris,

301 1115 392 1140 cum
423 1101 554 1140 subito
584 1111 776 1138 emersere
805 1099 947 1137 furenti
977 1110 1141 1148 corpora
1170 1104 1318 1147 ponto:

303 1168 402 1205 haec
430 1172 519 1216 agat
549 1164 692 1203 infesto
723 1165 935 1214 Neptunus
965 1176 1083 1201 caeca
1112 1162 1282 1210 tridenti,

303 1239 431 1271 atrum
461 1236 698 1269 conuertens
727 1236 880 1268 aestum
911 1228 1026 1266 maris
1057 1227 1234 1278 undique
1265 1229 1403 1276 uentis,

302 1304 341 1336 et
370 1298 525 1334 fuscum
555 1295 727 1334 cinerem
758 1294 866 1332 canis
895 1292 1096 1332 exhauriat
1125 1292 1253 1332 undis.
1595 1299 1639 1330 60

303 1363 485 1402 dicantur
513 1373 602 1399 mea
631 1372 718 1398 rura
747 1360 871 1398 ferum
902 1371 1018 1396 mare.
1079 1365 1198 1396 nauta
1227 1365 1368 1397 caueto

302 1466 314 1477 ⁴
346 1477 387 1506 44
404 1465 507 1497 ardor
519 1463 676 1504 Scaliger,
692 1462 784 1503 quod
792 1462 900 1494 Naeke
911 1463 944 1493 in
961 1462 1161 1493 Iensoniana
1177 1462 1293 1493 Veneta
1306 1462 1464 1503 scriptum
1481 1462 1514 1493 in
1530 1473 1638 1503 marg.

303 1514 378 1542 ante
409 1519 542 1540 annum
572 1517 655 1546 1500
682 1507 808 1537 inuenit
836 1507 889 1547 (p.
916 1505 1020 1546 395):
1058 1505 1158 1536 arbor
1188 1505 1276 1537 codd.
1453 1515 1495 1545 45
1523 1510 1552 1537 et
1580 1507 1643 1546 qui

302 1556 460 1585 secuntur
481 1551 528 1583 ad
548 1562 581 1583 u.
610 1560 652 1582 20
677 1549 799 1590 Lydiae
822 1548 1052 1581 interciderunt
1072 1549 1107 1579 in
1132 1547 1174 1579 M
1319 1548 1347 1579 P
1369 1549 1493 1581 initiali
1514 1560 1640 1590 magna

304 1596 399 1628 BFP
468 1606 533 1636 qua
557 1593 689 1626 Aldina
710 1603 815 1633 1517:
840 1603 927 1633 quae
952 1591 1041 1624 codd.
1150 1592 1267 1632 impia]
1291 1592 1365 1633 ipsa
1389 1604 1407 1623 υ
1533 1594 1642 1632 46—90

304 1642 338 1672 in
356 1639 385 1671 S
402 1640 464 1681 legi
476 1642 618 1680 possunt
812 1639 854 1675 46
878 1636 972 1668 eines
995 1636 1175 1677 (suprascr.
1199 1636 1225 1677 i)
1242 1635 1271 1667 S
1404 1636 1461 1667 fiat
1479 1635 1618 1668 BFSHb
1634 1648 1641 1667 ε

304 1685 362 1716 tiat
389 1695 427 1714 v:
453 1683 534 1714 fiant
559 1681 607 1714 ed.
637 1680 772 1712 Ascens.
804 1689 886 1720 1507
1028 1690 1068 1719 47
1093 1684 1129 1710 ut
1158 1679 1194 1710 bv
1337 1680 1379 1718 48
1403 1680 1560 1719 undaque
1586 1679 1641 1711 P:

302 1728 453 1766 undique
477 1725 546 1757 Sb:
578 1725 727 1764 undique
758 1735 823 1763 que
845 1723 967 1755 uestris
993 1723 1047 1763 (ex
1067 1723 1208 1762 nostris)
1233 1733 1273 1753 v:
1309 1723 1435 1754 nostris
1460 1723 1500 1754 b:
1524 1723 1643 1755 uitreis

303 1770 467 1802 Heinsius
525 1768 693 1808 lymphis]
708 1768 857 1808 nimphis
870 1767 888 1797 b
906 1778 913 1798 ε
940 1767 1064 1797 uestris
1081 1766 1181 1797 litora
1194 1765 1335 1806 pulsatis
1349 1766 1430 1807 (om.
1448 1766 1598 1807 limphis)
1614 1765 1643 1797 S

305 1826 347 1854 49
372 1813 475 1854 quae]
494 1823 560 1853 que
577 1812 630 1843 vF
773 1810 960 1842 defunditis
975 1808 1005 1840 S
1217 1820 1260 1849 50
1283 1809 1314 1839 A
1331 1810 1453 1841 initiali
1468 1821 1594 1851 magna
1611 1810 1644 1841 P

306 1859 426 1897 migrat
442 1856 476 1887 P
606 1866 643 1896 51
672 1854 846 1896 perfundit
862 1867 880 1885 v
1006 1863 1047 1893 52
1073 1858 1190 1893 pastos
1210 1856 1245 1889 (u
1262 1856 1444 1894 suprascr.)
1462 1866 1479 1884 υ
1497 1865 1504 1885 :
1528 1857 1643 1894 pastor

304 1902 351 1932 ed.
370 1900 500 1933 Zarotti
519 1900 602 1939 1482
728 1899 824 1929 ardet
840 1896 1009 1937 Scaltger:
1033 1897 1114 1928 arsit
1135 1896 1270 1927 Ribbeck
1423 1907 1464 1937 53
1487 1897 1644 1939 li(yb)bi‹g

306 1944 373 1976 Sub
515 1952 557 1982 54
581 1943 610 1973 T
625 1941 745 1973 initiali
759 1951 887 1982 magna
903 1940 970 1971 BF
1069 1940 1235 1972 reuocasti
1252 1940 1270 1970 b
1286 1940 1394 1972 Naeke
1408 1952 1415 1971 :
1439 1941 1592 1982 puocasti
1603 1953 1619 1971 υ
1638 1952 1644 1970 :

306 1991 503 2019 reuocasset
517 1986 643 2017 BFTn
659 1997 666 2017 ε
691 1985 875 2016 meminere
886 1989 1041 2015 uocasset
1054 1983 1083 2014 S
1100 1996 1106 2015 :
1131 1993 1328 2015 reuocasses
1345 1984 1365 2014 Ιι
1383 1984 1484 2023 :fort.
1499 1984 1644 2015 Tristius

305 2033 378 2071 hoc,
399 2031 545 2069 memini,
565 2040 688 2061 reuoca
704 2033 766 2062 set,
787 2028 932 2068 Battare‚
952 2038 1097 2059 carmen.
1231 2037 1272 2066 55
1298 2028 1393 2066 nigra
1410 2027 1441 2058 T
1541 2027 1645 2058 multo

308 2075 488 2114 Sthort.
514 2075 612 2113 nigra
632 2073 713 2103 mari
731 2077 821 2103 moto
970 2072 1086 2102 dicunt
1109 2070 1156 2102 T:
1180 2071 1294 2102 dicent
1311 2070 1454 2101 BFHSv
1601 2072 1645 2110 56

310 2119 509 2159 repentinus
526 2116 555 2148 S
570 2129 577 2148 ι
602 2127 685 2148 num
702 2116 933 2156 repentineis?
1107 2123 1147 2154 57
1172 2118 1245 2155 post
1261 2114 1370 2145 subito
1387 2114 1535 2154 spatium
1554 2114 1586 2144 in
1603 2113 1642 2153 S,

308 2162 397 2194 credo
408 2172 447 2192 ex
464 2171 584 2192 rasura
736 2169 926 2190 ermersere
946 2158 1028 2190 Can.
1048 2157 1124 2190 Lat.
1139 2158 1282 2198 27⁷s07't·
1303 2168 1502 2195 ecmersere,
1522 2158 1566 2188 sic
1585 2166 1644 2196 115

309 2205 453 2237 uiterula
465 2210 527 2245 pro
543 2203 689 2236 uitecula
750 2203 875 2234 serenti
892 2201 921 2233 S
936 2202 1028 2233 solus
1042 2213 1080 2233 ex
1095 2202 1176 2232 mm's
1263 2202 1305 2241 58
1331 2201 1364 2232 H
1382 2201 1503 2233 initiali
1519 2211 1645 2242 magna

313 2249 370 2280 FP
501 2249 568 2288 agit
590 2248 620 2279 T
765 2247 889 2278 infesto
907 2259 923 2277 υ
946 2251 975 2277 et
991 2256 1071 2278 corr.
1087 2244 1139 2276 B:
1164 2245 1286 2276 infesta
1304 2244 1398 2276 nST
1550 2253 1592 2285 59
1615 2244 1646 2275 A

309 2293 430 2324 initiali
456 2303 583 2333 magna
610 2291 642 2322 B
656 2302 663 2322 z
686 2295 830 2322 atrunco
859 2295 997 2321 uertens
1021 2289 1071 2320 S:
1095 2299 1302 2320 conuerrens
1327 2287 1474 2330 Scaliger
1603 2289 1646 2319 60

311 2336 462 2368 exauriat
491 2350 507 2367 υ
523 2348 528 2366 ;
566 2335 743 2366 exhauriet
776 2334 805 2365 T
991 2334 1029 2363 61
1058 2330 1147 2365 diffi
1171 2346 1188 2363 υ
1295 2333 1419 2363 serrum
1449 2344 1466 2363 v
1484 2344 1490 2363 :
1518 2342 1647 2363 merum

312 2381 469 2411 Boxlzorn
