1820 2802
768 149 1092 187 PRAEFATIO

318 258 505 297 Ceterum
527 257 627 296 inter
647 257 804 297 codices
825 257 1121 308 antiquissimos
1135 257 1279 307 quibus
1295 257 1393 294 haec
1410 256 1601 305 opuscula

264 320 517 360 continentur
538 329 629 360 sunt
649 322 717 372 qui
737 322 857 361 alium
880 330 917 361 et
938 322 1051 372 quasi
1071 321 1311 372 peculiarem
1332 321 1489 359 titulum
1506 333 1599 370 prae

263 398 305 424 se
338 386 474 424 ferant.
534 387 655 425 Velut
685 386 864 425 omnium
894 386 1068 437 optimus
1100 385 1318 425 Bembinus
1344 385 1450 436 (Vat.
1475 384 1599 435 3252)

263 462 363 488 saec.
383 450 420 487 ix
436 450 617 501 scriptus,
634 451 746 489 initio
763 452 799 489 C
799 451 919 499 ulm‘s,
928 453 1037 501 quod
1054 465 1213 490 carmen
1230 449 1430 501 praecedit
1446 449 1597 496 ceteris,

263 515 361 553 haec
396 515 517 554 habet
546 515 768 554 uncialibus
803 515 939 554 litteris
968 523 1132 563 exarata,
1162 517 1373 554 Poetarum
1404 515 1600 564 sapientis-

261 580 354 617 simi
369 579 507 617 Publii
533 580 691 629 Virgilii
707 581 893 618 Affaronis
921 581 1169 631 condiscipuli
1190 580 1401 619 Octauiam·
1419 579 1601 617 Caesaris

261 646 437 694 Augusti
471 646 610 683 mundi
644 646 889 696 insperaloris
922 646 1116 684 imleasalis
1155 646 1243 683 ludi
1275 645 1425 683 libellus
1456 644 1599 693 incipit.

264 709 498 760 Eademque
514 709 749 748 Treuericus
770 710 856 748 siue
876 712 1132 760 Augustanus
1150 708 1294 748 Naekii
1316 708 1416 760 (Dir.
1433 722 1468 758 p.
1490 721 1511 757 3
1518 708 1597 759 58),

264 773 514 820 Petauianus‚
538 787 657 824 quem
688 774 943 813 ueterrimum
974 774 1155 813 codicem
1185 773 1377 812 Heinsius
1398 779 1516 811 uocat
1547 774 1598 811 ad

262 838 381 878 Ouid.
425 838 549 889 Epist.
590 841 704 877 XIX.
748 842 810 885 26,
850 839 1049 877 Parisinus
1095 840 1212 888 8069,
1254 837 1463 877 Mediceus
1502 838 1598 888 plut.

261 902 387 941 xxxiii.
413 916 474 952 31.

316 970 440 1006 Hunc
473 968 630 1006 titulum
661 968 770 1006 ‘satis
805 976 980 1007 remotae
1009 968 1233 1018 antiquitati
1268 975 1307 1006 et
1345 980 1447 1017 quae
1485 966 1601 1004 facile

259 1040 403 1083 aequet
419 1034 483 1072 uel
500 1032 618 1071 etiam
641 1040 797 1084 superet
814 1032 962 1072 Donati
979 1040 1017 1071 et
1031 1033 1155 1072 Seruii
1169 1040 1338 1071 aetatem
1356 1033 1363 1049 ’
1380 1030 1601 1070 uindicauit

262 1097 439 1136 Naekius
461 1096 515 1148 (p.
535 1097 640 1150 223).
685 1099 835 1137 Contra
856 1111 975 1148 quem
993 1098 1135 1137 dubito
1157 1110 1391 1148 semperque
1417 1095 1600 1135 dubitaui

260 1175 357 1200 num
388 1161 517 1200 bonae
547 1162 754 1201 uetustatis
784 1170 916 1201 essent
946 1162 1011 1200 illa
1043 1166 1271 1213 ‘poetarum
1297 1161 1599 1212 sapientissimi‘

259 1226 424 1264 ‘mundi
441 1226 703 1277 imperatoris'
723 1234 843 1277 atque
858 1229 961 1266 adeo
977 1227 1239 1266 nouissimum
1261 1227 1358 1265 illud
1378 1229 1389 1247 ‘
1406 1226 1599 1265 iuuenalis

260 1290 371 1338 ludi’‚
387 1304 631 1341 quamquam
651 1291 880 1339 Diomedes,
897 1293 948 1331 de
961 1292 1243 1343 epigrammate
1257 1293 1432 1342 quodam
1453 1291 1599 1329 amisso

259 1357 427 1406 loquens
457 1358 567 1406 quod
600 1356 767 1407 Priapeo
802 1364 928 1396 metro
963 1357 1233 1407 conscriptum
1269 1364 1338 1403 est,
1370 1356 1468 1395 dixit
1499 1357 1596 1394 Inst.

261 1422 482 1470 Gramm.p.
496 1431 515 1470 5
527 1434 570 1458 12
588 1422 640 1459 K.
686 1422 920 1471 ‘Jrz'apeum
934 1435 1008 1471 quo
1031 1423 1216 1471 Virgilius
1230 1423 1271 1459 in
1279 1422 1521 1470 praelusio
1532 1434 1556 1457 n
1565 1421 1600 1458 i-

259 1486 280 1523 h
289 1498 339 1523 us
350 1486 430 1524 suis
442 1498 534 1523 usus
534 1485 649 1534 fuist,
660 1486 776 1524 simul
790 1487 909 1525 allato
922 1500 1038 1525 uersu
1049 1486 1192 1524 ‘Incidi
1200 1487 1379 1536 patulum
1388 1485 1428 1523 in
1436 1498 1598 1536 specum

259 1550 548 1600 procumbente
576 1550 739 1600 Priapo’
761 1551 829 1600 qui
857 1564 930 1589 nec
960 1551 1060 1589 inter
1081 1550 1247 1601 Priapea
1266 1550 1338 1589 tria
1358 1563 1459 1600 quae
1480 1550 1601 1589 hodie

260 1614 420 1664 Vergilii
453 1615 649 1653 habentur
679 1628 753 1653 nec
785 1614 824 1652 in
865 1615 1081 1665 Cataleptis
1121 1615 1204 1654 siue
1240 1614 1600 1666 Epigrammatibus

259 1679 409 1729 legitur.
462 1678 602 1727 Quid?
631 1692 765 1718 nonne
800 1680 940 1718 eadem
980 1693 1099 1730 opera
1132 1681 1295 1730 antiqua
1333 1679 1600 1718 censebuntur

261 1743 381 1783 uerba
408 1743 473 1782 illa
497 1743 682 1782 Bembini
705 1743 810 1796 (Vat.
835 1744 957 1796 3252)
986 1758 1088 1795 quae
1112 1751 1203 1795 post
1229 1746 1431 1783 Moretum
1457 1744 1600 1795 scripta

261 1816 351 1847 sunt
373 1810 520 1858 Septem
540 1809 618 1847 ioca
639 1810 838 1847 iuuenalia
865 1810 1191 1859 thiliifim'unl,
1215 1811 1278 1848 uel
1294 1809 1473 1861 v‘Parisini
1495 1811 1600 1859 8074

259 1882 297 1913 et
318 1875 401 1924 ipsa
422 1881 511 1923 post
534 1875 735 1912 Moretum
757 1875 968 1924 expliciunt
975 1876 1105 1925 parui
1120 1876 1215 1913 libri
1242 1875 1480 1924 Wrgilianz‘?

316 1940 375 1977 Ex
410 1938 601 1977 Seruiano
635 1940 815 1989 catalogo
845 1941 1128 1989 opusculorum
1158 1939 1229 1978 tria
1257 1947 1347 1978 sunt
1377 1952 1479 1989 quae
1508 1952 1600 1978 curn

261 2004 400 2043 ceteris
421 2005 550 2042 Aetna
576 2006 703 2043 Culice
727 2006 832 2054 Copa
852 2006 972 2043 Diris
996 2004 1210 2044 coniuncta
1236 2017 1317 2043 non
1345 2003 1601 2043 inueniuntur

261 2090 440 2130 poematiis
474 2091 557 2121 uarii
589 2091 727 2130 generis
757 2090 899 2121 inditum
933 2101 1034 2131 esse;
1072 2101 1149 2122 nam
1184 2091 1303 2122 CATL
1332 2090 1483 2122 CATAL
1508 2091 1599 2122 CAT

262 2139 355 2164 recte
394 2134 443 2164 sic
474 2133 708 2165 Chatelainius
741 2134 987 2174 interpretatus
1020 2136 1166 2167 uidetur.
1214 2135 1383 2166 Adhaesit
1417 2139 1530 2165 autem
1565 2136 1598 2166 id

261 2178 315 2208 his
337 2177 493 2208 uersibus
527 2179 598 2217 116,
637 2187 707 2216 117,
746 2188 816 2218 199y
852 2189 926 2212 202,
957 2188 1033 2218 203,
1066 2189 1142 2217 204,
1178 2180 1252 2210 216.
1301 2178 1353 2209 Ex
1381 2178 1502 2218 quibus
1537 2180 1599 2209 116

261 2221 390 2251 Aetnae
406 2225 467 2258 est,
499 2230 558 2259 117
578 2221 714 2260 Lucani,
744 2230 804 2260 199
831 2221 970 2254 Anthol.
993 2222 1066 2254 Lat.
1084 2223 1147 2262 448
1166 2221 1317 2263 (Riese),
1338 2232 1401 2252 202
1422 2222 1597 2260 Martialis,

262 2273 326 2303 203
345 2264 517 2304 Martialis,
531 2275 595 2303 204
610 2264 784 2305 Martialis,
804 2266 869 2295 216
893 2265 1012 2304 ignoti.
1064 2265 1193 2296 Lucani
1215 2275 1273 2304 117
1291 2265 1409 2304 fuisse,
1426 2275 1464 2295 ac
1483 2270 1596 2296 tamen

262 2307 385 2338 CATL
401 2308 609 2347 adscriptum
628 2308 796 2347 habuisse,
817 2318 879 2347 per
904 2319 1065 2348 errorem,
1086 2310 1200 2344 credo,
1225 2309 1349 2340 sactum
1368 2313 1420 2339 est
1437 2319 1444 2348 3
1468 2308 1599 2339 Aetnae

261 2360 381 2381 uersus
419 2361 462 2381 ex
500 2352 618 2382 codice
650 2351 794 2382 sortasse
834 2352 926 2382 uenit
964 2353 1019 2382 ubi
1059 2363 1132 2383 cum
1166 2352 1352 2392 Cataleptis
1390 2351 1597 2392 Vergilianis

262 2395 440 2425 coniuncta
463 2394 574 2425 Aetna
598 2395 716 2424 fuerat.

891 2450 956 2488 viii
