1820 2802
697 154 1017 192 PRAEFATIO

193 278 274 303 non
296 278 510 315 paucorum
532 278 716 303 uersuum
738 273 796 303 est
816 265 1000 304 condicio
1021 272 1063 302 ut
1083 278 1105 303 a
1125 267 1282 303 nemine
1303 267 1447 313 adhuc,
1472 279 1522 303 ne

192 329 384 368 aNaekio
401 328 562 379 quidem
583 330 699 378 longe
720 330 898 368 omnium
928 328 1204 375 eruditissimo,
1227 331 1385 378 plenam
1407 329 1523 379 expli-

193 393 390 432 cationem
419 393 653 443 acceperint,
683 395 790 432 uelut
821 407 868 441 42
902 407 976 431 non
1006 394 1143 432 iterum
1172 395 1295 431 dicens
1323 394 1426 431 erebo
1455 398 1522 430 tna

194 459 289 496 lidia
303 458 414 504 dixti,
431 460 480 495 66
503 459 565 495 nil
574 463 630 495 est
645 460 748 507 quod
761 459 924 507 perdam
938 459 1100 496 ulterius
1120 459 1255 496 merila
1271 459 1399 496 omnia
1420 458 1521 504 ditis,

195 535 243 571 93
258 528 295 560 et
300 522 433 571 prima
455 523 663 560 nouissima
685 523 799 570 nobis,
823 525 896 560 116
913 536 1083 560 uenerem
1098 523 1289 571 stipendia
1292 523 1425 571 flores,
1449 534 1521 570 143

192 587 306 635 inque
322 586 584 635 m'cemplzoebi
597 599 753 624 currens
772 591 885 635 atque
897 600 1037 624 aureus
1049 587 1160 633 orbis,
1182 587 1363 632 146-148
1380 586 1525 623 Phoebe

188 663 323 699 gerens
342 651 383 688 in
405 656 611 688 le—secmn
630 663 703 688 sna
718 652 866 700 gandia
882 656 1009 700 gestat
1030 664 1132 700 quae
1156 649 1377 689 incredibili
1402 650 1524 688 modo

193 722 375 764 corrupta
396 723 496 762 sunt,
531 727 599 765 151
636 717 814 755 Condicio
839 717 1047 765 similisque
1060 716 1171 765 foret
1188 715 1413 754 mortalibus
1433 715 1524 761 illis,

200 791 272 830 159
293 781 504 818 Inmatura
525 793 625 818 meae
651 793 793 830 quoqne
825 794 904 818 nece
929 783 1072 818 soluere
1079 780 1239 832 fa(c)la,
1260 792 1329 828 171
1353 780 1524 828 grandia

180 845 354 893 formoso
379 851 590 893 supponens
611 846 760 894 gandia
786 847 886 891 collo,
928 846 998 882 182
1028 849 1139 882 tanta
1174 845 1251 882 uite
1282 857 1383 881 meae
1405 843 1527 881 cordis

180 908 303 956 fecere
322 909 514 957 rapinam.
575 910 700 957 Quae,
724 916 766 946 ut
787 909 966 947 omittam
987 908 1073 955 alia,
1097 908 1189 946 satis
1205 921 1273 958 per
1287 921 1328 946 se
1349 907 1525 946 indicant

192 971 307 1010 altius
321 979 359 1010 et
372 971 412 1010 in
429 973 626 1022 profundo
643 972 797 1011 uitiatas
819 975 888 1011 has
902 974 1033 1011 Diras
1052 972 1129 1011 iam
1144 986 1192 1011 eo
1213 980 1390 1022 tempore
1407 971 1526 1010 fuisse

193 1049 286 1086 quo,
314 1036 416 1074 circa
447 1049 482 1074 A.
500 1049 537 1074 D.
571 1038 648 1074 800
678 1045 907 1076 renascente
937 1037 1011 1075 sub
1041 1038 1186 1076 Carolo
1216 1037 1367 1086 Magno
1394 1036 1526 1075 studio

194 1102 464 1139 Romanarum
504 1100 729 1148 litterarum,
770 1101 809 1139 in
849 1114 989 1140 manus
1028 1102 1236 1140 doctorum
1276 1108 1524 1139 reuenerunt.

195 1167 257 1204 De
281 1172 409 1204 aetate
435 1166 636 1204 Dirarum
660 1179 740 1205 non
766 1166 830 1204 hic
858 1174 915 1205 est
936 1168 1047 1205 locus
1068 1165 1321 1216 disputandi:
1353 1166 1524 1204 necdum

192 1237 325 1268 tamen
347 1229 443 1267 mihi
470 1229 643 1279 persuasi
669 1244 749 1269 non
778 1243 863 1269 esse
887 1244 910 1269 a
927 1230 1085 1270 Valerio
1106 1231 1261 1270 Catone
1289 1229 1450 1280 scriptas
1479 1243 1526 1267 ac

197 1294 422 1333 uetustioris
444 1307 562 1344 quam
585 1307 691 1333 nunc
712 1294 968 1345 perhibentur
989 1294 1145 1333 saeculi.

250 1360 418 1397 Restant
445 1358 516 1397 tria
545 1367 728 1409 poemata
754 1361 835 1398 Est
861 1366 897 1398 et
923 1360 1016 1398 Non
1048 1361 1117 1398 Vir
1144 1361 1281 1398 Bonus
1309 1360 1523 1397 Maecenas.

197 1423 274 1461 His
294 1423 422 1473 potuit
442 1423 545 1462 adici
558 1426 738 1463 Rosetum
753 1425 835 1464 siue
849 1434 891 1463 ut
908 1426 946 1462 in
967 1424 1051 1463 aliis
1072 1424 1279 1464 codicibus
1300 1431 1358 1463 est
1377 1426 1526 1463 Rosae:

196 1489 273 1526 hoc
294 1487 397 1526 enim
426 1489 504 1526 fere
527 1501 681 1539 semper
701 1490 859 1528 duobus
880 1489 954 1527 illis
974 1491 1054 1527 Est
1070 1495 1107 1527 el
1123 1490 1217 1528 Non
1238 1497 1276 1528 et
1307 1489 1398 1527 Viro
1416 1488 1527 1526 Bono

194 1552 372 1590 adhaesit
393 1551 432 1589 in
451 1554 553 1591 MSS
569 1560 607 1591 et
619 1552 793 1603 Vergilio
812 1553 1055 1592 adtributum
1077 1561 1145 1592 est.
1198 1555 1246 1592 Id
1263 1561 1395 1592 tamen
1412 1552 1527 1592 omisi

194 1625 236 1655 ut
258 1616 452 1655 recentius
474 1625 511 1655 et
542 1630 565 1654 a
591 1617 753 1667 Vergilii
773 1631 874 1656 aeuo
894 1617 1080 1665 alienum,
1102 1618 1331 1668 praesertim
1353 1617 1384 1656 si
1406 1617 1527 1656 uerba

194 1694 240 1719 ac
272 1681 466 1720 dictiones
499 1683 732 1731 perpendas,
764 1684 899 1731 quales
934 1696 956 1721 a
992 1682 1146 1721 Naekio
1178 1682 1413 1730 obiciuntur,
1448 1695 1525 1732 eg.

195 1752 378 1795 uegetare,
399 1747 618 1796 anticipare.
679 1746 788 1795 Quid
809 1748 918 1795 quod
939 1746 1215 1786 Ausonianum
1240 1754 1282 1785 ut
1313 1746 1456 1785 dicitur
1486 1746 1526 1784 in

194 1809 394 1848 nonnullis
427 1811 530 1849 MSS
562 1811 751 1858 (Schenkl
781 1812 930 1849 Auson.
955 1824 991 1860 p.
1021 1811 1114 1862 243)
1147 1811 1202 1849 sic
1233 1810 1400 1849 Ausonii
1435 1824 1527 1850 uere

195 1882 347 1924 poterat
389 1888 489 1923 esse,
538 1875 611 1913 nisi
659 1875 800 1914 celsius
848 1875 1009 1926 aliquid,
1050 1889 1099 1914 ne
1138 1876 1266 1915 dicam
1308 1875 1525 1923 sublimius,

195 1938 357 1989 spiraret
387 1939 578 1978 Ausonio.

250 2004 371 2052 Quod
397 2003 462 2042 illa
481 2005 562 2042 Est
581 2010 618 2042 el
638 2005 731 2043 AVon
763 2005 831 2043 l'ir
844 2006 981 2043 Bonus
1008 2004 1108 2043 inter
1134 2003 1528 2055 pseudo-Vergiliana

196 2075 330 2107 nostra
374 2070 507 2107 locum
553 2069 714 2116 habent,
761 2068 870 2107 nolui
918 2071 1093 2119 legentes
1142 2070 1320 2108 fraudare
1369 2067 1528 2107 insolito

196 2134 411 2172 commodo
450 2134 560 2183 quod
599 2141 636 2172 et
675 2133 715 2171 in
756 2133 954 2172 Bembino
994 2141 1137 2181 extant,
1179 2140 1216 2172 et
1255 2132 1412 2171 alterius
1450 2133 1531 2171 Est

193 2203 230 2235 et
250 2198 344 2235 Non
372 2198 497 2236 codex
524 2197 703 2236 omnium
731 2204 773 2236 ut
800 2197 956 2236 uidetur
976 2197 1260 2247 integerrimuS‚
1283 2197 1527 2236 Basilicanus

196 2263 250 2299 H.
284 2264 344 2311 36,
383 2269 541 2313 propter
569 2262 839 2301 difficultatem
873 2261 1156 2301 bibliothecam
1188 2262 1373 2310 adeundi,
1405 2261 1525 2300 rarius

195 2339 268 2364 nec
307 2325 382 2365 nisi
421 2328 472 2365 ab
511 2340 592 2366 uno
630 2328 832 2378 alteroque
876 2327 1076 2377 inspectus
1119 2335 1189 2366 est.
1250 2326 1353 2366 Dico
1393 2326 1526 2365 Basili-

197 2403 338 2429 canum
361 2392 397 2430 S.
416 2391 517 2430 Petri
539 2391 579 2430 in
600 2392 696 2431 urbe
719 2394 848 2431 Roma
868 2407 874 2433 2
904 2393 971 2430 sed
990 2399 1026 2430 et
1047 2391 1302 2431 admirandae
1320 2391 1525 2429 uetustatis

844 2466 906 2489 klll
