1820 2802
289 138 440 177 CIRIS

287 258 473 300 quattuor
492 249 664 300 antiquis
693 249 906 289 heredibus
937 249 1042 289 edita
1071 261 1245 297 consors,
1582 263 1621 296 15

287 316 394 355 unde
423 315 631 354 hominum
662 327 809 354 errores
838 315 955 364 longe
983 315 1141 365 lateque
1170 327 1239 365 per
1267 313 1405 353 orbem

287 380 493 452 despicere
512 388 638 435 'atque
667 379 826 419 humilis
856 392 1015 430 possem
1044 386 1299 418 contemnere
1329 368 1481 426 curas?
1572 370 1598 407 9-
1645 396 1648 405 ·

287 442 369 485 nori
398 458 472 496 ego
491 444 551 487 te
569 447 688 484 talem
718 457 924 484 uenerarer
953 457 1116 483 munere
1145 443 1222 491 tali,

257 506 369 560 ,non
398 509 596 561 equidem,
629 509 812 560 quamuis
841 496 1040 548 interdum
1070 509 1205 564 ludere
1235 508 1351 547 nobis
1391 520 1417 579 1(

286 583 325 615 et
353 575 536 626 gracilem
568 574 677 614 molli
706 574 822 629 liceat
851 560 969 625 pede
983 561 1166 613 claudere
1195 564 1378 630 uers'urn,
1403 581 1416 606 )
1584 589 1624 611 πο

287 642 357 680 sed
388 653 532 691 magno
561 640 752 707 intexens,
784 639 816 678 si
845 641 901 678 fas
931 647 990 678 est
1019 639 1161 686 dicere,
1193 640 1325 711 peplo,

287 706 413 757 qualis
445 705 648 744 Erectheis
678 687 783 743 olim
803 712 979 755 portatur
1008 704 1188 751 Athenis,

286 770 422 810 debita
450 784 542 809 cum
571 776 702 808 castae
731 758 939 808 soluuntur
968 775 1074 828 uota
1092 768 1299 830 Mineruae

287 837 479 886 tardaque
508 835 692 874 confecto
722 836 889 874 redeunt
918 847 1192 885 qumquenma
1221 835 1354 881 lustro,

287 914 379 940 curn
408 900 506 939 leuis
535 902 686 969 alterno
716 901 917 950 Zephyrus
947 900 1197 938 concrebruit
1227 900 1308 938 Eu
1232 912 1334 953 χρ
1586 913 1623 945 ²5

286 974 324 1006 et
354 979 480 1017 prono
508 946 716 1017 grauidum
746 965 925 1016 prouexit
954 966 1131 1016 pondere
1160 978 1325 1004 currum.

288 1032 379 1072 felix
408 1032 474 1071 illa
502 1032 598 1078 dies,
631 1031 720 1070 felix
750 1038 789 1070 et
818 1030 961 1071 dicitur
989 1044 1128 1078 annus,

287 1097 421 1137 felices
450 1097 518 1147 qui
548 1098 667 1136 talem
696 1110 846 1135 annum
876 1096 1011 1135 uidere
1040 1096 1238 1146 diemque.

288 1177 380 1214 ergo
411 1162 611 1202 Palladiae
640 1169 824 1202 texuntur
853 1161 893 1200 in
923 1161 1062 1201 ordine
1092 1174 1259 1213 pugnae,

289 1242 432 1279 magna
463 1227 666 1279 Giganteis
696 1234 885 1266 ornantur
914 1228 1030 1278 pepla
1059 1217 1241 1276 tropaeis,
1581 1240 1626 1273 30

288 1293 447 1333 horrida
476 1292 692 1344 sanguineo
721 1292 936 1343 pinguntur
964 1291 1112 1342 proelia
1141 1304 1273 1330 cocco.

287 1358 447 1398 additur
475 1365 609 1397 aurata
638 1356 814 1397 deiectus
844 1356 1008 1408 cuspide
1037 1357 1222 1407 Typhon,

289 1424 357 1475 qui
386 1423 492 1474 prius
522 1422 682 1463 Ossaeis
712 1430 981 1475 consternens
985 1423 1159 1492 aethera
1189 1421 1289 1460 saxis

291 1488 479 1528 Emathio
508 1489 658 1527 celsum
688 1476 928 1541 duplicarat
936 1475 1082 1526 uertice
1113 1487 1341 1537 Olympum.

289 1555 366 1593 tale
396 1554 495 1593 deae
525 1554 659 1592 uelum
691 1551 872 1591 sollemni
903 1559 1081 1602 tempore
1111 1558 1279 1601 portant,
1583 1565 1601 1597 3
1607 1565 1624 1597 5

340 1667 378 1696 15
402 1657 578 1698 quattuor]
609 1655 765 1688 ‘Platoni
777 1655 950 1687 Aristoteli
963 1654 1092 1686 Zenoni
1104 1654 1265 1695 Epicuro'
1285 1653 1429 1685 Vollmer
1538 1666 1626 1696 quae
1665 1639 1667 1642 Α

291 1702 426 1741 regibus
443 1700 537 1732 Thilo
702 1704 755 1731 est
770 1700 847 1731 data
864 1699 897 1730 A
904 1699 989 1730 RU
1014 1699 1128 1730 addita
1145 1698 1333 1729 Hei'nsms:
1350 1699 1441 1729 edita
1457 1697 1628 1729 Baehrens

295 1755 331 1784 17
352 1744 537 1785 Despicere
548 1743 659 1775 ARU
711 1744 837 1783 possim
850 1743 922 1774 AR
935 1743 1186 1782 sortasseaecte:
1213 1751 1351 1781 possum
1367 1741 1400 1772 U
1459 1752 1501 1773 20
1525 1741 1625 1774 libeat

290 1788 406 1828 Heyne
449 1798 490 1819 22
508 1788 649 1819 eritheis
663 1788 694 1828 (c
705 1787 887 1827 suprascr.)
899 1787 932 1817 A
949 1798 954 1816 :
970 1786 1111 1817 eritheis
1123 1785 1156 1815 R
1200 1786 1231 1824 f.
1246 1785 1391 1825 qualiter
1400 1785 1538 1817 Actaeis
1548 1796 1625 1817 cum

292 1832 392 1872 pepla
404 1832 512 1863 neutri
520 1832 649 1872 generis
665 1830 780 1861 dixerit
791 1842 823 1861 u.
842 1840 885 1870 30
973 1839 1014 1869 23
1039 1834 1118 1861 uota
1135 1829 1312 1869 (suprascr.
1331 1829 1433 1869 dona)
1450 1829 1483 1860 A
1584 1839 1625 1868 24

291 1876 432 1907 tardaue
449 1874 561 1906 ARU
638 1884 678 1914 25
693 1874 889 1905 concrebuit
905 1873 978 1904 AU
1071 1874 1113 1903 26
1129 1882 1264 1903 currum
1281 1871 1443 1903 Barthius
1458 1885 1464 1905 :
1490 1883 1625 1904 cursum

291 1918 402 1950 ARU
539 1928 580 1957 27
606 1918 663 1949 ille
684 1917 734 1948 U:
761 1918 818 1948 illa
834 1917 867 1948 A
886 1929 892 1948 :
915 1921 945 1948 et
959 1918 1004 1948 sic
1018 1916 1183 1947 Manilius
1199 1916 1237 1947 V.
1256 1917 1320 1956 568
1345 1916 1461 1947 ‘Felix
1479 1916 1534 1947 illa
1551 1917 1626 1948 dies

293 1963 491 1994 redeuntem
509 1962 551 1993 ad
568 1962 664 1993 litora
681 1961 775 1992 duxit
789 1962 809 2001 '‚
829 1971 927 2002 quem
945 1961 1050 1991 locum
1071 1960 1183 1990 attulit
1209 1959 1482 1992 Ganzenmueller
1583 1962 1624 1991 28

292 2006 394 2038 talem
412 2006 466 2045 qui
484 2005 518 2036 R
668 2016 710 2045 29
734 2010 897 2036 texuntur
917 2004 965 2036 U:
992 2008 1150 2035 texentur
1166 2003 1236 2034 AR
1404 2014 1447 2043 30
1470 2003 1576 2035 Hunc
1591 2015 1622 2035 u.

295 2049 496 2082 Chatelaim'o
514 2049 610 2080 uisus
625 2053 669 2080 est
683 2060 722 2079 ex
734 2052 827 2088 parte
839 2048 1030 2088 expressisse
1038 2047 1066 2078 is
1078 2048 1181 2087 cuins,
1197 2048 1282 2077 inter
1289 2047 1485 2087 prosodiam
1501 2049 1509 2066 ‘
1521 2058 1626 2078 exem-

286 2093 345 2134 pla
362 2093 570 2124 diuersorum
588 2093 779 2124 auclorum’
799 2102 883 2132 quae
898 2091 1055 2131 leguntur
1067 2092 1101 2122 in
1118 2090 1182 2122 cod.
1204 2090 1279 2122 Vat.
1296 2090 1378 2132 Reg.
1399 2100 1461 2129 215
1477 2101 1555 2122 saec.
1577 2092 1622 2130 ix,

292 2136 690 2177 adfirturhexameterhic
701 2135 804 2167 Porro
816 2135 985 2175 giganteis
997 2135 1135 2165 miratul
1146 2144 1260 2165 mensa
1272 2134 1442 2174 triumpho
1455 2134 1582 2174 (Revue
1591 2134 1629 2165 de

292 2180 474 2221 Philologie
484 2180 564 2211 V11.
577 2186 611 2221 p.
630 2180 688 2222 68)
834 2189 874 2218 31
902 2188 1004 2210 cocco
1025 2178 1074 2209 U:
1101 2188 1200 2209 socco
1216 2177 1308 2209 AR:
1334 2187 1416 2208 suco
1435 2189 1538 2209 nescto
1553 2179 1628 2219 quis

293 2223 388 2265 apud
401 2224 586 2255 Loensem.
580 2236 586 2242 ·
612 2224 687 2254 suco
705 2222 865 2254 Heinsius
1000 2232 1042 2261 32
1060 2222 1211 2253 delectus
1227 2216 1298 2252 AR
1304 2220 1350 2252 U
1375 2220 1527 2253 deiectus
1542 2221 1625 2253 Ald.

295 2276 375 2307 1517
423 2268 529 2307 typho
550 2267 584 2298 U
646 2277 687 2306 33
705 2267 941 2298 conscendens
955 2265 1111 2297 Kreunen
1177 2274 1219 2304 34
1237 2265 1424 2304 duplicarat
1436 2264 1626 2297 Baehrens:

287 2310 624 2357 duplicabatARU
641 2311 818 2350 olimpum
837 2310 883 2351 A,
899 2320 995 2341 erasa
1011 2310 1114 2340 lzttem
1125 2312 1154 2339 et
1170 2312 1310 2349 mutata,
1322 2319 1408 2348 qnae
1422 2309 1624 2349 sequebatur,

276 2355 328 2386 ‘in
346 2366 366 2385 o
485 2364 527 2395 35
542 2354 578 2386 ῑη
597 2359 750 2395 tempore
771 2354 804 2385 U
893 2358 1029 2394 portent
1049 2354 1082 2394 (a
1098 2355 1282 2394 suprascr.)
1300 2353 1333 2383 A

1681 1550 1701 1566 ·<
