1820 2802
288 146 474 185 CVLEX

286 269 380 295 aura
408 257 642 316 susurraqtis
672 257 800 309 poscit
828 259 1073 298 confundere
1103 259 1222 298 uenti.

343 322 489 368 Pastor,
511 314 577 360 ‘ut‘
593 315 645 361 ad
658 311 825 361 ‘fontem
855 323 979 361 densa
1007 322 1201 374 requieuit
1230 322 1269 362 in
1300 322 1449 367 umbra,

288 385 425 425 mitem
454 387 639 438 concepit
656 387 865 438 (proiectus
895 380 1086 443 membra}
1102 401 1298 439 soporem,

286 451 424 490 anxius
453 451 605 491 insidiis
635 452 766 501 nullis,
795 454 866 492 sed
895 441 1093 493 leiiitis'i‘n
1122 445 1255 507 herbis

287 529 426 555 securo
455 530 609 567 pressos
640 531 782 556 somno
811 508 1216 558 mandafieiat‘artus.
1560 521 1620 552 160

287 588 429 620 stratus
459 581 570 620 humi
599 583 758 622 dulcem
788 582 970 634 capiebat
1000 585 1119 624 corde
1148 583 1334 634 quietem,

286 645 326 684 ni
356 647 434 684 fors
464 645 633 686 incertos
663 646 838 687 iussisset
868 649 1012 687 ducere
1042 662 1165 687 casus.

286 723 379 749 nam
409 710 568 750 solitum
598 713 765 751 uoluens
794 713 845 751 ad
875 711 1251 764 tempus-sstractibus
1280 704 1423 762 isdem)

287 775 470 833 immanis
501 776 609 815 uario
640 778 859 816 maculatus
889 791 1053 829 corpore
1083 791 1242 829 serpens

286 836 436 880 mersus
465 837 508 879 u't
538 838 589 880 in'
607 841 702 881 limo
733 841 876 894 magno
906 844 979 883 sub
1010 842 1147 883 sideris
1176 843 1295 892 aestu
1344 843 1375 853 ”’
1560 847 1620 888 165

1404 432 1430 449 kx
1449 429 1478 441 '¹¹
1497 422 1504 434 Δ

243 994 248 995 ’
286 976 406 1014 obuia
435 976 605 1015 uibranti
636 991 799 1028 carpens
828 978 956 1029 grauis
986 964 1279 1031 aere4linguaes
1308 1009 1314 1013 ·

285 1055 519 1092 squamosos
549 1044 626 1082 late
656 1044 864 1094 torquebat
894 1043 1067 1084 motibus
1098 1044 1213 1095 orbis.

285 1109 503 1148 †tollebant
531 1122 649 1163 aurae
677 1100 955 1149 uenientis³ad
985 1109 1120 1148 Omnia
1149 1109 1320 1149 uisus.†>

285 1172 363 1211 iam
395 1173 518 1224 magis
546 1181 667 1224 atque
697 1174 819 1225 magis
849 1187 991 1225 corpus
1021 1174 1240 1214 reuolubile
1269 1175 1436 1214 uoluens

284 1238 427 1277 attollit
456 1238 591 1278 nitidis
620 1247 759 1290 pectus
788 1240 1016 1290 fulgoribus,
1048 1232 1168 1279 effert
1561 1253 1621 1287 170

285 1303 445 1343 sublimi
475 1304 628 1344 ceruice
658 1312 787 1356 caput,
819 1304 883 1344 cui
912 1304 1028 1344 crista
1056 1318 1225 1356 superne

285 1368 618 1420 edita‘purpureo
647 1371 783 1409 lucens
813 1372 1032 1409 maculatur
1060 1370 1239 1428 amictu‚)

284 1442 528 1485 aspectuque
557 1435 705 1474 micant
734 1437 982 1474 flammarum
1012 1435 1163 1474 lumina
1191 1443 1315 1475 toruo.

285 1549 388 1579 supra
406 1538 497 1570 Cors.
515 1551 522 1571 :
556 1539 712 1571 Excelsis
734 1541 793 1579 sub
811 1539 884 1571 Esc.
901 1551 908 1571 :
942 1550 974 1571 e.
1001 1543 1119 1579 supter
1138 1538 1252 1579 Heyne
1349 1548 1436 1579 quae
1461 1541 1487 1568 Ω
1504 1549 1511 1569 :
1538 1548 1622 1578 quos

285 1582 357 1614 Esc.
473 1583 596 1614 leniter
617 1583 705 1615 Cors.
718 1583 841 1614 MEsc.
858 1595 864 1614 :
888 1583 1011 1614 leuiter
1032 1582 1172 1614 BFnV
1277 1582 1408 1613 adflans
1424 1581 1490 1613 BE
1505 1580 1594 1614 Cors.
1615 1594 1623 1613 z

285 1626 403 1657 afflans
427 1625 495 1657 PT
495 1626 526 1656 V
538 1626 611 1659 Esc.
720 1629 781 1666 156
804 1627 987 1658 susurratis
1005 1625 1094 1658 cors.
1186 1625 1295 1666 possit
1311 1625 1385 1656 PM
1394 1626 1467 1657 Esc.
1561 1627 1623 1657 160

285 1680 423 1709 pressus
442 1669 531 1701 Cors.
692 1671 749 1701 161
776 1680 932 1710 soporem
959 1670 990 1699 V
1111 1671 1171 1701 162
1196 1669 1359 1701 mississet
1375 1669 1410 1700 F
1561 1671 1622 1709 163

286 1714 392 1744 isdem
420 1713 591 1744 Bembus:
630 1714 739 1754 id(a)e
764 1714 853 1745 codd.
876 1726 882 1745 :
919 1714 973 1745 ide
997 1713 1068 1745 Vat.
1097 1723 1183 1753 3255
1329 1714 1390 1752 164
1414 1723 1559 1753 corpora
1585 1711 1626 1743 M

290 1759 349 1797 165
374 1757 436 1788 sub
457 1758 579 1789 sideris
597 1760 644 1789 ss:
677 1758 869 1798 subsideret
884 1756 1042 1797 Bemhus,
1068 1758 1191 1797 uulgo:
1229 1767 1274 1786 an
1300 1757 1510 1788 subsiderat?
1556 1755 1626 1787 Sed

274 1796 418 1831 'ziiffitnr
432 1812 548 1832 uersus
563 1798 732 1832 excidisse*
846 1801 906 1832 166
930 1800 1027 1832 obuia
1055 1801 1173 1831 uibrati
1201 1810 1346 1840 carpens
1369 1801 1503 1831 omissis
1519 1802 1623 1831 ceteris

288 1844 380 1876 Cors.
483 1855 563 1875 aera
580 1843 620 1874 M
633 1848 663 1875 et
678 1844 807 1876 Mediol.
826 1856 833 1875 t
857 1855 936 1875 aere
954 1848 1018 1876 cett.
1132 1844 1270 1884 linguae
1286 1844 1420 1884 scripsi:
1446 1843 1561 1884 lingua
1573 1847 1598 1874 Ω
1615 1855 1622 1874 ;

287 1898 346 1919 ore
368 1888 515 1927 trilingui
533 1888 704 1920 Schrader.
753 1888 786 1918 A
792 1899 813 1918 n
821 1889 893 1927 suit
910 1889 1020 1918 neutri
1028 1888 1156 1928 generis
1171 1897 1249 1918 aera
1267 1891 1304 1918 ut
1323 1886 1462 1918 Bartln'o
1484 1889 1620 1919 uisum?

291 1933 349 1971 167
375 1931 520 1963 motibus
538 1931 669 1963 Mediol.
686 1943 693 1962 :
717 1933 888 1963 montibus
899 1931 1096 1963 BFPTVM
1234 1931 1294 1961 168
1318 1931 1361 1961 sic
1377 1930 1510 1962 BFMII
1528 1930 1619 1962 Cors.

288 1974 382 2007 Cant.
400 1976 520 2017 aurae]
542 1976 611 2016 au(?
623 1977 717 2009 anlte
735 1977 768 2015 (r
780 1976 897 2016 scripta
908 1980 1009 2015 super
1022 1978 1050 2015 t)
1068 1974 1112 2005 V:
1139 1964 1414 2006 herbaffiibbeck
1429 1986 1436 2006 z
1463 1975 1533 2006 irae
1555 1973 1621 2005 Leo

288 2018 445 2050 adomina
457 2020 476 2050 b
491 2030 498 2050 ε
522 2030 606 2050 num
619 2019 820 2051 abdomina?
867 2019 925 2050 sed
938 2019 980 2049 ad
994 2019 1107 2049 omnia
1117 2019 1200 2049 salis
1212 2018 1317 2049 tuitus
1328 2021 1374 2048 est
1385 2017 1452 2049 Leo
1530 2019 1622 2049 uisus

287 2062 439 2094 annisus
456 2062 492 2103 V,
507 2063 566 2093 uix
576 2062 821 2094 certuntElzrlio
837 2073 842 2092 :
861 2063 953 2093 uirus
963 2062 1143 2093 Heinsius:
1161 2062 1255 2093 nisus
1266 2061 1403 2092 Ribbeck
1419 2073 1425 2092 :
1446 2061 1623 2093 Pallebant

287 2117 368 2137 aura
389 2107 557 2138 uementis
577 2106 728 2145 gramina
751 2107 815 2137 uiri
839 2106 983 2147 Haupt:
1006 2105 1205 2137 Tendebant
1228 2114 1326 2136 acres
1346 2105 1513 2136 uenientis
1529 2106 1570 2136 ad
1587 2115 1618 2136 0.

287 2150 379 2181 uisus
394 2149 560 2181 Baehrens
650 2151 711 2189 169
735 2149 916 2181 resolubile
934 2149 1096 2181 Heinsius
1187 2158 1248 2188 170
1272 2149 1368 2180 effert
1382 2148 1599 2180 Friesemann
1616 2161 1622 2179 :

287 2194 392 2225 ecfert
406 2193 541 2224 Ribbeck
556 2205 562 2224 :
587 2198 621 2224 et
638 2203 674 2224 se
686 2197 711 2224 Ω
727 2204 734 2224 :
755 2198 857 2233 atque
869 2192 1060 2224 Paldamus
1169 2203 1227 2232 171
1253 2192 1395 2224 sublime
1412 2191 1454 2223 M
1524 2197 1624 2232 caput

287 2237 374 2277 rapit
400 2237 554 2277 Bembus,
581 2236 640 2268 sed
662 2241 709 2268 est
734 2237 919 2268 allitteratio
947 2237 1081 2268 ceruice
1107 2241 1208 2276 caput
1234 2236 1285 2267 cui
1307 2236 1409 2267 crista
1561 2246 1622 2275 172

289 2281 477 2312 maculator
495 2280 551 2312 M:
578 2280 684 2312 lucem
702 2282 867 2312 iaculatur
882 2280 1104 2312 Hildebrandt
1117 2283 1146 2310 et
1157 2280 1256 2321 prius
1272 2279 1384 2320 Unger
1396 2278 1453 2310 sed
1465 2279 1516 2310 hic
1530 2279 1622 2310 luces

291 2334 351 2364 173
376 2325 475 2356 micat
500 2327 526 2355 Ω
645 2325 769 2356 lumina
795 2324 846 2356 P:
870 2324 996 2356 lumine
1023 2328 1115 2356 cett.:
1149 2329 1374 2364 aspectusque
1397 2323 1500 2354 micat
1528 2324 1621 2354 flam-

289 2378 414 2399 marum
433 2368 560 2399 lumine
577 2372 674 2399 toruo
692 2369 859 2399 Baehrens
