1820 2802
317 144 417 182 EST
458 143 529 181 ET
569 143 688 183 NON

749 701 913 739 SIGLA
950 701 1214 740 CODICVM

372 800 405 834 B
421 815 455 827 =
475 799 691 842 Bembinus,
706 799 791 833 Vat.
811 806 900 842 3252
1251 808 1255 812 ·
1451 808 1546 832 saec.
1566 797 1600 831 ix

371 859 410 893 F
425 874 458 886 =
477 857 710 892 Bod1.Auet.
731 858 772 891 F.
796 865 882 899 1.17
1539 855 1598 889 xiv
1619 802 1630 888 ξ

314 918 403 952 Bas.
423 932 458 945 =
477 915 720 959 Basilicanus,
739 915 788 949 H.
803 915 846 958 36
861 913 1011 949 Archiui
1028 915 1064 949 S.
1079 913 1176 948 Petri
1192 914 1227 948 in
1244 914 1331 948 urbe
1350 914 1482 949 Roma.

553 974 674 1008 Huius
701 973 934 1008 collationem
961 984 983 1007 a
1009 984 1048 1007 se
1073 972 1210 1007 factam
1236 971 1334 1006 misit
1356 971 1404 1006 ad
1423 983 1481 1006 me

552 1033 609 1066 Fr.
630 1031 754 1074 Ehrle,
776 1032 857 1065 Soc.
878 1031 947 1065 les.
1579 1041 1600 1062 x

362 1091 459 1124 ΜΞ
479 1090 830 1135 Montepessulanus
858 1098 924 1123 212
953 1079 1085 1133 (Ecole
1111 1089 1156 1122 de
1186 1087 1393 1130 MeZdecine)
1420 1087 1481 1132 qui

551 1154 633 1194 post
660 1147 773 1182 Persii
801 1147 944 1182 Satiras
971 1147 1081 1182 habet
1109 1158 1258 1181 carmen
1286 1147 1331 1181 de
1356 1147 1423 1180 Est
1446 1153 1480 1180 et

552 1206 649 1242 Non.
688 1206 809 1241 Huius
822 1218 881 1241 uu.
901 1206 988 1240 1—16
1002 1204 1253 1240 Chatelainius
1271 1211 1350 1239 arte
1365 1203 1479 1238 helio-

552 1265 674 1310 typica
708 1275 900 1310 expressos
935 1263 1050 1298 edidit
1092 1264 1127 1298 in
1166 1262 1482 1308 Pzrlaeographiae

551 1323 779 1368 Scriptorum
816 1323 1030 1358 Latinorum
1064 1322 1239 1357 fasciculo
1273 1321 1332 1365 xii,
1363 1333 1397 1355 n.
1428 1329 1504 1355 122.

552 1381 726 1427 Reliquos
761 1390 869 1425 17—25
900 1380 1092 1425 exscripsit
1128 1392 1171 1415 ex
1200 1380 1328 1415 codice
1363 1379 1480 1414 misit-

552 1452 621 1485 que
638 1440 687 1474 ad
705 1451 764 1474 me
784 1441 987 1482 Bonnetus,
1007 1439 1062 1473 uir
1081 1438 1307 1473 clarissimus
1518 1436 1601 1470 ἧκ’-Χ

380 1500 409 1533 S
425 1513 458 1526 =
477 1499 698 1534 Stabulense
717 1498 976 1542 fragmentum,
998 1497 1102 1532 Paris
1125 1505 1248 1541 17,177
1540 1495 1573 1529 xi

386 1562 408 1591 Σ
426 1573 460 1585 --
480 1558 593 1592 Paris.
617 1557 729 1601 13026
747 1556 823 1602 (fol.
843 1555 923 1599 84V)
1541 1553 1622 1587 ix-x

387 1621 409 1648 Γ
428 1632 460 1643 =
480 1615 585 1650 Harl.
604 1623 696 1660 2534
984 1661 988 1665 ἡ
1538 1612 1599 1646 xiii

389 1675 462 1709 d=
481 1674 690 1719 Digbianus
712 1684 779 1709 100
1540 1670 1597 1704 xiv
