1820 2802
354 126 659 166 MAECENAS

405 243 444 274 te
472 235 594 275 sensit
623 248 742 275 nemo
771 249 887 286 posse
916 249 1058 275 nocere
1087 244 1230 275 tamen.

352 300 512 339 Pallade
541 313 631 340 curn
662 301 780 339 docta
810 301 996 340 Phoebus
1026 302 1242 340 donauerat
1271 301 1373 347 artis,

406 373 445 403 tu
476 366 597 404 decus
627 373 666 404 et
695 366 830 406 laudes
860 365 975 404 huius
1005 373 1043 405 et
1073 366 1188 405 huius
1218 380 1312 405 eras.

351 430 473 468 uincit
503 430 686 481 uulgaris,
715 430 838 469 uincit
868 433 1033 481 Berytus
1063 433 1238 478 harenam,

404 494 515 534 litore
545 495 584 533 in
615 503 789 534 extremo
819 509 916 546 quas
946 495 1061 534 simul
1092 497 1199 535 unda
1229 504 1372 535 mouet.
1642 513 1682 535 20

350 560 458 609 quod
488 559 703 598 discinctus
733 573 827 608 eras,
859 560 993 599 animo
1022 573 1194 611 quoque,
1226 560 1395 612 carpitur
1425 574 1572 599 unuin:

403 623 519 663 diluis
550 625 625 663 hoc
656 624 777 663 nimia
807 624 1057 676 simplicitate
1088 633 1164 664 tua.

311 684 314 687 ⁴
348 689 403 728 sic
433 689 486 727 illi
516 689 658 737 uixere,
690 690 834 740 quibus
864 691 936 730 fuit
963 705 1080 730 aurea
1109 691 1241 742 Virgo,

402 768 503 804 quae
533 756 635 794 bene
664 755 910 806 praecinctos
940 757 1153 807 postmodo
1183 758 1295 807 pulsa
1324 756 1432 807 fugit.

346 819 478 867 fluide,
510 820 606 870 quid
637 822 798 860 tandem
828 821 985 860 tunicae
1014 835 1185 860 nocuere
1214 823 1394 860 solutae?
1640 840 1679 870 25

400 892 467 923 aut
496 884 566 924 tibi
596 886 753 924 uentosi
781 885 877 937 quid
908 900 1079 925 nocuere
1108 886 1246 925 sinus?

347 963 442 988 num
474 950 604 989 minus
633 950 751 989 Vrbis
781 959 861 990 erat
891 958 1023 990 custos
1054 958 1092 990 et
1123 951 1300 991 Caesaris
1331 951 1480 991 obses?

400 1028 496 1054 num
527 1015 597 1054 tibi
628 1029 708 1055 non
738 1023 841 1054 tutas
871 1016 962 1055 fecit
992 1016 1030 1054 in
1061 1016 1169 1055 Vrbe
1199 1016 1311 1055 uias?

345 1087 463 1119 nocte
491 1081 565 1119 sub
595 1082 763 1120 obscura
791 1081 878 1131 quis
907 1089 945 1120 te
975 1081 1158 1132 spoliauit
1187 1085 1418 1121 amantem?

400 1145 487 1195 quis
518 1145 643 1196 tetigit
672 1147 772 1185 ferro
802 1146 935 1185 durior
965 1147 1047 1197 ipse
1078 1149 1211 1186 latus?
1637 1163 1678 1194 30

346 1210 470 1249 maius
500 1218 581 1249 erat
610 1210 784 1261 potuisse
814 1218 946 1250 tamen
976 1225 1050 1250 nec
1080 1213 1181 1251 uelle
1212 1211 1443 1263 triumphos,

400 1275 523 1315 maior
552 1290 612 1314 res
642 1276 793 1327 magnis
822 1276 1058 1316 abstinuisse
1088 1277 1170 1315 fuit.

346 1341 482 1380 maluit
512 1341 738 1380 umbrosam
769 1355 958 1392 quercum
989 1344 1262 1393 nymphasque
1293 1342 1470 1382 cadentis

392 1455 427 1484 17
453 1446 572 1477 doctas
588 1451 639 1486 φχ
727 1450 819 1477 artes
837 1445 925 1477 codd.
937 1445 1103 1486 plerique:
1131 1447 1213 1477 artis
1229 1456 1311 1477 corr.
1328 1451 1353 1485 φ
1460 1455 1501 1487 19
1525 1446 1677 1488 Berytus

343 1489 477 1531 scripsi:
502 1489 630 1521 beritus
646 1488 752 1520 ΒΡΜ
767 1500 774 1520 :
798 1489 953 1520 berithus
970 1489 1026 1520 Ar
1040 1500 1046 1520 :
1075 1489 1205 1530 peritus
1222 1496 1304 1530 υφχ;
1328 1489 1469 1522 berillus
1486 1490 1570 1522 Ald.
1593 1501 1677 1532 1517

344 1567 489 1597 harenas
502 1565 562 1597 M:
580 1532 707 1598 {ranas
721 1565 754 1597 Β
826 1576 869 1597 2ο
892 1576 975 1606 quas
991 1571 1040 1605 φχ
1055 1577 1062 1596 z
1086 1575 1183 1606 quam
1198 1565 1265 1596 BP
1274 1566 1348 1597 Aru
1422 1567 1551 1608 mouet]
1570 1567 1678 1598 uomit

343 1609 507 1641 Bartln'ns
571 1621 608 1641 21
629 1610 806 1641 distinctus
821 1609 854 1641 Β
871 1621 878 1641 :
903 1610 1091 1641 disiunctus
1105 1609 1162 1640 Ar
1177 1621 1184 1640 ε
1208 1610 1338 1641 cinctus
1356 1622 1372 1640 υ
1388 1621 1394 1640 :
1419 1610 1470 1641 dis
1488 1615 1629 1642 cunctus
1645 1610 1678 1640 Ρ

343 1654 457 1684 animo
470 1664 604 1694 quoque
618 1653 707 1685 codd.
723 1665 730 1684 ε
754 1653 904 1694 nimium,
919 1654 1008 1693 quod
1021 1653 1190 1684 Ruhnken
1264 1664 1365 1684 unum
1378 1653 1444 1684 ΒΡ
1452 1653 1510 1683 Ar
1525 1665 1531 1684 :
1553 1664 1619 1685 una
1633 1660 1676 1694 υφ

343 1701 373 1728 ct
387 1709 411 1737 χ
428 1708 473 1728 m.
488 1703 540 1738 pr.
559 1708 565 1727 :
593 1708 661 1728 uno
680 1708 760 1728 corr.
779 1709 804 1737 χ
889 1707 1035 1737 namque
1052 1697 1085 1728 id
1102 1707 1210 1736 prope
1227 1697 1377 1736 carpitur
1393 1707 1496 1728 unum
1514 1697 1676 1728 Heinsius

345 1751 428 1771 num
453 1742 578 1780 animo,
606 1741 697 1781 quod
725 1751 754 1772 e.
782 1742 910 1772 unum?
1043 1751 1083 1770 22
1108 1739 1224 1781 diluis]
1252 1740 1357 1772 diluui
1382 1740 1440 1771 M:
1475 1740 1591 1772 diluuii
1612 1741 1679 1772 BP

344 1783 424 1824 hoc]
443 1795 481 1815 ac
497 1791 564 1824 υφχ
624 1784 761 1815 diluitur
778 1783 857 1814 Ald.
883 1794 976 1824 1517,
994 1784 1089 1815 Riese
1148 1783 1247 1814 nimia
1263 1783 1478 1824 simplicitate
1495 1788 1551 1815 tua
1567 1784 1675 1816 codd.:

342 1827 444 1858 animi
456 1827 671 1868 simplicitate
685 1828 732 1859 tui
746 1827 918 1858 Chatelain
994 1838 1035 1866 24
1053 1828 1234 1867 pustmodo
1248 1827 1304 1857 Μ1
1393 1837 1434 1867 25
1459 1827 1562 1859 liuide
1580 1831 1675 1859 uetus

344 1871 542 1902 mcmbmna
565 1871 743 1913 Scaligert:
778 1870 879 1902 liuida
909 1869 1048 1902 BMPu:
1080 1870 1194 1902 inuide
1221 1882 1255 1910 χ,
1281 1870 1419 1903 Asccns.
1453 1880 1546 1911 1507.
1610 1872 1676 1902 Hzc

343 1925 460 1945 uersus
482 1915 624 1946 ultimus
642 1919 689 1946 est
697 1915 761 1955 fol
784 1913 865 1953 214b
887 1914 921 1944 in
946 1914 995 1954 M,
1005 1914 1070 1954 sol.
1090 1916 1170 1952 215a
1193 1924 1339 1945 uacuum
1361 1918 1408 1946 est
1429 1914 1492 1956 (H.
1517 1915 1674 1956 Schenkl)

342 1961 384 1988 26
407 1958 487 1998 quid
504 1959 638 1990 uentosi
652 1958 732 1998 quid
747 1958 780 1988 Β
869 1968 909 1997 27
933 1968 1000 1988 nun
1019 1970 1035 1988 υ
1122 1957 1284 1998 caesaris]
1302 1958 1430 1989 careris
1445 1958 1501 1988 Β;
1527 1958 1674 1990 carceris

341 2002 478 2033 Ribbeck
574 2012 675 2042 opses
691 2001 744 2032 Β·
769 2001 869 2032 obses
887 2001 983 2040 Ρυφ
977 2025 983 2031 .
1008 2001 1134 2041 hospes
1150 2007 1312 2042 snpmsct.
1330 2002 1431 2033 obses
1447 2002 1480 2032 A
1487 2013 1506 2032 ν
1632 2003 1674 2033 28

343 2055 423 2076 num
448 2045 511 2077 tibi
538 2051 573 2114 φιι
580 2045 657 2076 Ar:
687 2055 774 2076 nunc
804 2044 862 2075 tibi
888 2044 977 2075 BP:
1012 2055 1080 2075 non
1108 2044 1166 2075 tibi
1193 2057 1241 2084 χ·
1234 2070 1241 2076 .
1273 2055 1342 2076 nun
1368 2045 1425 2076 tibi
1452 2056 1492 2076 υ·
1485 2069 1492 2076 .
1525 2045 1673 2077 nuncubi

342 2122 491 2164 Scaliger
548 2122 629 2154 orbe
646 2122 678 2153 Β
768 2132 809 2162 29
832 2132 953 2153 oscura
969 2121 1045 2162 Βυχ
1112 2121 1251 2153 uiolauit
1267 2121 1323 2152 Αν
1389 2127 1526 2154 euntem
1542 2134 1567 2163 χ
1585 2127 1614 2153 ct
1629 2123 1675 2153 sic

340 2165 504 2197 Hei'nsms
603 2177 642 2205 31
669 2164 775 2197 malus
792 2171 864 2197 erat
880 2165 965 2196 BP:
990 2165 1154 2196 maluerat
1170 2165 1214 2196 A.
1232 2164 1372 2197 Palmer
1458 2167 1628 2207 potuisset
1643 2166 1676 2197 P

341 2220 404 2240 nec
428 2210 476 2241 bis
498 2209 530 2240 Β
671 2219 713 2249 32
737 2209 844 2240 maior
863 2219 918 2240 res
942 2208 1000 2240 Ar
1017 2212 1046 2240 cl
1070 2209 1346 2250 Rcltdtgcianns:
1370 2210 1518 2241 maiores
1540 2209 1674 2249 ΒΡυφχ

342 2254 473 2292 magnis
488 2253 554 2284 ΒΡ
564 2252 641 2284 Ar
635 2276 642 2284 .
667 2254 774 2284 maius
792 2259 860 2292 υφχ
947 2263 990 2291 33
1014 2263 1174 2292 quercum
1190 2259 1277 2293 υφχ·
1270 2278 1277 2285 .
1302 2262 1367 2293 que
1383 2253 1450 2284 BP
1515 2253 1673 2294 lymphas

346 2296 545 2335 lVernsdots
640 2297 803 2328 cadentes
820 2295 905 2327 BP:
931 2301 1094 2327 canentes
1111 2302 1178 2336 υψχ
1196 2296 1253 2327 Ar
