<?xml version="1.0" encoding="UTF-8"?>
<!DOCTYPE html PUBLIC "-//W3C//DTD XHTML 1.0 Transitional//EN"
    "http://www.w3.org/TR/xhtml1/DTD/xhtml1-transitional.dtd">
<html xmlns="http://www.w3.org/1999/xhtml" xml:lang="en" lang="en">
 <head>
  <title>
</title>
<meta http-equiv="Content-Type" content="text/html;charset=utf-8" />
  <meta name='ocr-system' content='tesseract 3.04.00' />
  <meta name='ocr-capabilities' content='ocr_page ocr_carea ocr_par ocr_line ocrx_word'/>
</head>
<body>
  <div class='ocr_page' id='page_1' title='image "./appendixvergilia00elliuoft_0089.png"; bbox 0 0 1820 2802; ppageno 0'>
   <div class='ocr_carea' id='block_1_1' title="bbox 1352 187 1528 224">
    <p class='ocr_par' dir='ltr' id='par_1_1' title="bbox 1352 187 1528 224">
     <span class='ocr_line' id='line_1_1' title="bbox 1352 187 1528 224; baseline 0.006 -1"><span class='ocrx_word' id='word_1_1' title='bbox 1352 187 1528 224; x_wconf 83' lang='lat' dir='ltr'><strong>DIRAE</strong></span> 
     </span>
    </p>
   </div>
   <div class='ocr_carea' id='block_1_2' title="bbox 184 293 1530 1056">
    <p class='ocr_par' dir='ltr' id='par_1_2' title="bbox 184 293 1530 1056">
     <span class='ocr_line' id='line_1_2' title="bbox 203 293 1194 346; baseline -0.003 -12"><span class='ocrx_word' id='word_1_2' title='bbox 203 297 477 346; x_wconf 84' lang='lat' dir='ltr'>formosaeque</span> <span class='ocrx_word' id='word_1_3' title='bbox 506 296 650 334; x_wconf 90' lang='lat' dir='ltr'>cadent</span> <span class='ocrx_word' id='word_1_4' title='bbox 680 296 853 342; x_wconf 80' lang='lat' dir='ltr'>umbrae,</span> <span class='ocrx_word' id='word_1_5' title='bbox 885 294 1091 333; x_wconf 89' lang='lat' dir='ltr'>formosior</span> <span class='ocrx_word' id='word_1_6' title='bbox 1120 293 1194 332; x_wconf 90' lang='lat' dir='ltr'>illis</span> 
     </span>
     <span class='ocr_line' id='line_1_3' title="bbox 202 359 1097 411; baseline -0.003 -12"><span class='ocrx_word' id='word_1_7' title='bbox 202 360 287 411; x_wconf 87' lang='lat' dir='ltr'>ipsa</span> <span class='ocrx_word' id='word_1_8' title='bbox 315 362 442 407; x_wconf 88' lang='lat' dir='ltr'>cades,</span> <span class='ocrx_word' id='word_1_9' title='bbox 475 359 616 398; x_wconf 91' lang='lat' dir='ltr'>ueteris</span> <span class='ocrx_word' id='word_1_10' title='bbox 646 361 798 398; x_wconf 90' lang='lat' dir='ltr'>domini</span> <span class='ocrx_word' id='word_1_11' title='bbox 828 359 955 397; x_wconf 89' lang='lat' dir='ltr'>felicia</span> <span class='ocrx_word' id='word_1_12' title='bbox 983 359 1097 409; x_wconf 84' lang='lat' dir='ltr'>ligna.</span> 
     </span>
     <span class='ocr_line' id='line_1_4' title="bbox 201 423 1164 475; baseline -0.001 -13"><span class='ocrx_word' id='word_1_13' title='bbox 201 424 467 475; x_wconf 83' lang='lat' dir='ltr'>nequiquam:</span> <span class='ocrx_word' id='word_1_14' title='bbox 507 424 648 463; x_wconf 88' lang='lat' dir='ltr'>nostris</span> <span class='ocrx_word' id='word_1_15' title='bbox 678 424 808 474; x_wconf 88' lang='lat' dir='ltr'>potius</span> <span class='ocrx_word' id='word_1_16' title='bbox 839 425 985 463; x_wconf 91' lang='lat' dir='ltr'>deuota</span> <span class='ocrx_word' id='word_1_17' title='bbox 1013 423 1164 470; x_wconf 82' lang='lat' dir='ltr'>libellis,</span> 
     </span>
     <span class='ocr_line' id='line_1_5' title="bbox 200 486 1527 539; baseline -0.002 -12"><span class='ocrx_word' id='word_1_18' title='bbox 200 489 355 539; x_wconf 87' lang='lat' dir='ltr'>ignibus</span> <span class='ocrx_word' id='word_1_19' title='bbox 384 488 564 527; x_wconf 80' lang='lat' dir='ltr'>aetheriis</span> <span class='ocrx_word' id='word_1_20' title='bbox 595 489 782 539; x_wconf 85' lang='lat' dir='ltr'>flagrabit.</span> <span class='ocrx_word' id='word_1_21' title='bbox 844 487 1030 538; x_wconf 91' lang='lat' dir='ltr'>Iuppiter,</span> <span class='ocrx_word' id='word_1_22' title='bbox 1063 486 1162 538; x_wconf 89' lang='lat' dir='ltr'>(ipse</span> <span class='ocrx_word' id='word_1_23' title='bbox 1489 504 1527 533; x_wconf 99' lang='grc'>35</span> 
     </span>
     <span class='ocr_line' id='line_1_6' title="bbox 202 552 1295 604; baseline -0.001 -13"><span class='ocrx_word' id='word_1_24' title='bbox 202 554 379 604; x_wconf 86' lang='lat' dir='ltr'>Iuppiter</span> <span class='ocrx_word' id='word_1_25' title='bbox 407 554 510 592; x_wconf 91' lang='lat' dir='ltr'>hanc</span> <span class='ocrx_word' id='word_1_26' title='bbox 539 553 650 604; x_wconf 90' lang='lat' dir='ltr'>aluit)</span> <span class='ocrx_word' id='word_1_27' title='bbox 680 555 777 592; x_wconf 88' lang='lat' dir='ltr'>cinis</span> <span class='ocrx_word' id='word_1_28' title='bbox 808 555 905 591; x_wconf 88' lang='lat' dir='ltr'>haec</span> <span class='ocrx_word' id='word_1_29' title='bbox 934 552 1004 590; x_wconf 90' lang='lat' dir='ltr'>tibi</span> <span class='ocrx_word' id='word_1_30' title='bbox 1034 553 1100 590; x_wconf 90' lang='lat' dir='ltr'>fiat</span> <span class='ocrx_word' id='word_1_31' title='bbox 1130 559 1295 602; x_wconf 86' lang='lat' dir='ltr'>oportet.</span> 
     </span>
     <span class='ocr_line' id='line_1_7' title="bbox 254 616 1274 667; baseline -0.001 -12"><span class='ocrx_word' id='word_1_32' title='bbox 254 618 442 655; x_wconf 91' lang='lat' dir='ltr'>Thraecis</span> <span class='ocrx_word' id='word_1_33' title='bbox 472 624 556 655; x_wconf 90' lang='lat' dir='ltr'>tum</span> <span class='ocrx_word' id='word_1_34' title='bbox 589 619 739 656; x_wconf 88' lang='lat' dir='ltr'>Boreae</span> <span class='ocrx_word' id='word_1_35' title='bbox 769 618 916 667; x_wconf 85' lang='lat' dir='ltr'>spirent</span> <span class='ocrx_word' id='word_1_36' title='bbox 946 616 1132 654; x_wconf 88' lang='lat' dir='ltr'>immania</span> <span class='ocrx_word' id='word_1_37' title='bbox 1162 617 1274 663; x_wconf 87' lang='lat' dir='ltr'>uires,</span> 
     </span>
     <span class='ocr_line' id='line_1_8' title="bbox 202 680 1159 732; baseline -0.004 -11"><span class='ocrx_word' id='word_1_38' title='bbox 202 684 330 721; x_wconf 87' lang='lat' dir='ltr'><strong>Eurus</strong></span> <span class='ocrx_word' id='word_1_39' title='bbox 360 690 448 732; x_wconf 86' lang='lat' dir='ltr'>agat</span> <span class='ocrx_word' id='word_1_40' title='bbox 478 683 638 720; x_wconf 80' lang='lat' dir='ltr'>mixtam</span> <span class='ocrx_word' id='word_1_41' title='bbox 669 682 776 719; x_wconf 87' lang='lat' dir='ltr'>fulua</span> <span class='ocrx_word' id='word_1_42' title='bbox 805 680 970 731; x_wconf 82' lang='lat' dir='ltr'>caligine</span> <span class='ocrx_word' id='word_1_43' title='bbox 1000 680 1159 728; x_wconf 88' lang='lat' dir='ltr'>nubem,</span> 
     </span>
     <span class='ocr_line' id='line_1_9' title="bbox 199 745 1275 792; baseline -0.002 -7"><span class='ocrx_word' id='word_1_44' title='bbox 199 747 355 786; x_wconf 87' lang='lat' dir='ltr'>Africus</span> <span class='ocrx_word' id='word_1_45' title='bbox 386 746 589 785; x_wconf 86' lang='lat' dir='ltr'>immineat</span> <span class='ocrx_word' id='word_1_46' title='bbox 618 746 763 785; x_wconf 86' lang='lat' dir='ltr'>nimbis</span> <span class='ocrx_word' id='word_1_47' title='bbox 794 745 1067 783; x_wconf 87' lang='lat' dir='ltr'>minitantibus</span> <span class='ocrx_word' id='word_1_48' title='bbox 1097 745 1275 792; x_wconf 86' lang='lat' dir='ltr'>imbrem,</span> 
     </span>
     <span class='ocr_line' id='line_1_10' title="bbox 198 809 1530 862; baseline -0.002 -12"><span class='ocrx_word' id='word_1_49' title='bbox 198 825 290 850; x_wconf 91' lang='lat' dir='ltr'>cum</span> <span class='ocrx_word' id='word_1_50' title='bbox 320 819 386 850; x_wconf 87' lang='lat' dir='ltr'>tua</span> <span class='ocrx_word' id='word_1_51' title='bbox 415 824 564 862; x_wconf 86' lang='lat' dir='ltr'>cyaneo</span> <span class='ocrx_word' id='word_1_52' title='bbox 593 812 847 861; x_wconf 87' lang='lat' dir='ltr'>resplendens</span> <span class='ocrx_word' id='word_1_53' title='bbox 877 812 1034 849; x_wconf 85' lang='lat' dir='ltr'>aethere</span> <span class='ocrx_word' id='word_1_54' title='bbox 1064 809 1162 848; x_wconf 90' lang='lat' dir='ltr'>silua</span> <span class='ocrx_word' id='word_1_55' title='bbox 1486 827 1530 858; x_wconf 87' lang='lat'>40</span> 
     </span>
     <span class='ocr_line' id='line_1_11' title="bbox 184 874 1249 924; baseline -0.001 -10"><span class='ocrx_word' id='word_1_56' title='bbox 184 890 279 915; x_wconf 78' lang='lat' dir='ltr'>,non</span> <span class='ocrx_word' id='word_1_57' title='bbox 310 876 450 915; x_wconf 90' lang='lat' dir='ltr'>iterum</span> <span class='ocrx_word' id='word_1_58' title='bbox 480 875 605 915; x_wconf 85' lang='lat' dir='ltr'>discet</span> <span class='ocrx_word' id='word_1_59' title='bbox 634 889 708 914; x_wconf 90' lang='lat' dir='ltr'>nee</span> <span class='ocrx_word' id='word_1_60' title='bbox 738 888 805 914; x_wconf 93' lang='lat' dir='ltr'>ero</span> <span class='ocrx_word' id='word_1_61' title='bbox 833 877 844 895; x_wconf 80' lang='lat'><em>‘</em></span> <span class='ocrx_word' id='word_1_62' title='bbox 862 882 928 913; x_wconf 87' lang='lat' dir='ltr'>tua</span> <span class='ocrx_word' id='word_1_63' title='bbox 941 877 960 922; x_wconf 87' lang='lat'>²,</span> <span class='ocrx_word' id='word_1_64' title='bbox 993 874 1128 924; x_wconf 90' lang='lat' dir='ltr'>Lydia,</span> <span class='ocrx_word' id='word_1_65' title='bbox 1161 876 1249 914; x_wconf 89' lang='lat' dir='ltr'>dici.</span> 
     </span>
     <span class='ocr_line' id='line_1_12' title="bbox 200 939 1121 990; baseline -0.003 -10"><span class='ocrx_word' id='word_1_66' title='bbox 200 941 355 980; x_wconf 90' lang='lat' dir='ltr'>uicinae</span> <span class='ocrx_word' id='word_1_67' title='bbox 384 942 567 979; x_wconf 88' lang='lat' dir='ltr'>flammae</span> <span class='ocrx_word' id='word_1_68' title='bbox 596 941 747 990; x_wconf 87' lang='lat' dir='ltr'>rapiant</span> <span class='ocrx_word' id='word_1_69' title='bbox 777 953 823 979; x_wconf 86' lang='lat' dir='ltr'>ex</span> <span class='ocrx_word' id='word_1_70' title='bbox 853 939 990 979; x_wconf 91' lang='lat' dir='ltr'>ordine</span> <span class='ocrx_word' id='word_1_71' title='bbox 1020 939 1121 986; x_wconf 90' lang='lat' dir='ltr'>uitis,</span> 
     </span>
     <span class='ocr_line' id='line_1_13' title="bbox 198 1004 1106 1056; baseline -0.002 -12"><span class='ocrx_word' id='word_1_72' title='bbox 198 1013 406 1056; x_wconf 88' lang='lat' dir='ltr'>pascantur</span> <span class='ocrx_word' id='word_1_73' title='bbox 435 1012 596 1055; x_wconf 85' lang='lat' dir='ltr'>segetes,</span> <span class='ocrx_word' id='word_1_74' title='bbox 629 1004 779 1044; x_wconf 86' lang='lat' dir='ltr'>diffusis</span> <span class='ocrx_word' id='word_1_75' title='bbox 809 1004 964 1054; x_wconf 84' lang='lat' dir='ltr'>ignibus</span> <span class='ocrx_word' id='word_1_76' title='bbox 993 1017 1106 1042; x_wconf 84' lang='lat' dir='ltr'>auras</span> 
     </span>
    </p>
   </div>
   <div class='ocr_carea' id='block_1_3' title="bbox 189 1107 1535 2404">
    <p class='ocr_par' dir='ltr' id='par_1_3' title="bbox 194 1107 1535 1537">
     <span class='ocr_line' id='line_1_14' title="bbox 239 1107 1530 1148; baseline 0 -8"><span class='ocrx_word' id='word_1_77' title='bbox 239 1119 281 1148; x_wconf 87' lang='lat'>32</span> <span class='ocrx_word' id='word_1_78' title='bbox 306 1109 430 1140; x_wconf 89' lang='lat' dir='ltr'>cadunt</span> <span class='ocrx_word' id='word_1_79' title='bbox 445 1107 632 1138; x_wconf 81' lang='lat' dir='ltr'><em>BFMPT:</em></span> <span class='ocrx_word' id='word_1_80' title='bbox 659 1108 780 1139; x_wconf 86' lang='lat' dir='ltr'>cadant</span> <span class='ocrx_word' id='word_1_81' title='bbox 798 1119 815 1137; x_wconf 87' lang='lat' dir='ltr'><em>v</em></span> <span class='ocrx_word' id='word_1_82' title='bbox 833 1119 840 1138; x_wconf 74' lang='lat' dir='ltr'><strong><em>z</em></strong></span> <span class='ocrx_word' id='word_1_83' title='bbox 871 1108 993 1138; x_wconf 89' lang='lat' dir='ltr'>cadent</span> <span class='ocrx_word' id='word_1_84' title='bbox 1010 1107 1028 1136; x_wconf 89' lang='lat' dir='ltr'>b</span> <span class='ocrx_word' id='word_1_85' title='bbox 1169 1117 1211 1147; x_wconf 82' lang='lat'>33</span> <span class='ocrx_word' id='word_1_86' title='bbox 1235 1107 1308 1147; x_wconf 89' lang='lat' dir='ltr'>ipsa</span> <span class='ocrx_word' id='word_1_87' title='bbox 1330 1107 1530 1140; x_wconf 82' lang='lat' dir='ltr'>Treuirensis</span> 
     </span>
     <span class='ocr_line' id='line_1_15' title="bbox 195 1150 1535 1192; baseline 0.001 -9"><span class='ocrx_word' id='word_1_88' title='bbox 195 1156 224 1183; x_wconf 87' lang='lat' dir='ltr'>et</span> <span class='ocrx_word' id='word_1_89' title='bbox 245 1153 292 1184; x_wconf 93' lang='lat' dir='ltr'>T:</span> <span class='ocrx_word' id='word_1_90' title='bbox 316 1152 389 1192; x_wconf 85' lang='lat' dir='ltr'>ipse</span> <span class='ocrx_word' id='word_1_91' title='bbox 413 1151 577 1182; x_wconf 87' lang='lat' dir='ltr'>BMva:</span> <span class='ocrx_word' id='word_1_92' title='bbox 608 1151 664 1182; x_wconf 89' lang='lat' dir='ltr'>ille</span> <span class='ocrx_word' id='word_1_93' title='bbox 689 1151 723 1181; x_wconf 83' lang='lat' dir='ltr'><em>F</em></span> <span class='ocrx_word' id='word_1_94' title='bbox 827 1151 953 1181; x_wconf 86' lang='lat' dir='ltr'>ueteris</span> <span class='ocrx_word' id='word_1_95' title='bbox 977 1150 1036 1181; x_wconf 82' lang='lat' dir='ltr'>ub:</span> <span class='ocrx_word' id='word_1_96' title='bbox 1069 1150 1164 1181; x_wconf 87' lang='lat' dir='ltr'>iteris</span> <span class='ocrx_word' id='word_1_97' title='bbox 1193 1150 1348 1182; x_wconf 81' lang='lat' dir='ltr'>BFMn:</span> <span class='ocrx_word' id='word_1_98' title='bbox 1384 1153 1473 1183; x_wconf 88' lang='lat' dir='ltr'>ueris</span> <span class='ocrx_word' id='word_1_99' title='bbox 1504 1153 1535 1184; x_wconf 91' lang='lat' dir='ltr'><em>T</em></span> 
     </span>
     <span class='ocr_line' id='line_1_16' title="bbox 197 1192 1527 1235; baseline 0 -9"><span class='ocrx_word' id='word_1_100' title='bbox 197 1196 320 1226; x_wconf 88' lang='lat' dir='ltr'>domici</span> <span class='ocrx_word' id='word_1_101' title='bbox 337 1195 379 1225; x_wconf 95' lang='lat' dir='ltr'><em>M</em></span> <span class='ocrx_word' id='word_1_102' title='bbox 492 1205 597 1234; x_wconf 88' lang='lat' dir='ltr'>regna</span> <span class='ocrx_word' id='word_1_103' title='bbox 618 1193 648 1225; x_wconf 94' lang='lat' dir='ltr'><em>T</em></span> <span class='ocrx_word' id='word_1_104' title='bbox 666 1194 800 1225; x_wconf 86' lang='lat' dir='ltr'>Goebbel</span> <span class='ocrx_word' id='word_1_105' title='bbox 982 1203 1023 1232; x_wconf 86' lang='lat'>34</span> <span class='ocrx_word' id='word_1_106' title='bbox 1047 1204 1113 1224; x_wconf 81' lang='lat' dir='ltr'>om.</span> <span class='ocrx_word' id='word_1_107' title='bbox 1145 1192 1193 1234; x_wconf 88' lang='lat' dir='ltr'>M,</span> <span class='ocrx_word' id='word_1_108' title='bbox 1228 1198 1305 1234; x_wconf 78' lang='lat' dir='ltr'>post</span> <span class='ocrx_word' id='word_1_109' title='bbox 1327 1196 1527 1235; x_wconf 85' lang='lat' dir='ltr'>nequiquam</span> 
     </span>
     <span class='ocr_line' id='line_1_17' title="bbox 195 1236 1528 1279; baseline 0.001 -10"><span class='ocrx_word' id='word_1_110' title='bbox 195 1239 398 1279; x_wconf 75' lang='lat' dir='ltr'>interpunxit</span> <span class='ocrx_word' id='word_1_111' title='bbox 411 1238 533 1269; x_wconf 71' lang='lat' dir='ltr'>Putsclz</span> <span class='ocrx_word' id='word_1_112' title='bbox 603 1248 646 1268; x_wconf 92' lang='lat' dir='ltr'>ne</span> <span class='ocrx_word' id='word_1_113' title='bbox 662 1237 820 1277; x_wconf 86' lang='lat' dir='ltr'>quiquam</span> <span class='ocrx_word' id='word_1_114' title='bbox 839 1236 922 1267; x_wconf 82' lang='lat' dir='ltr'>BTb</span> <span class='ocrx_word' id='word_1_115' title='bbox 939 1249 945 1268; x_wconf 93' lang='lat'><strong>:</strong></span> <span class='ocrx_word' id='word_1_116' title='bbox 979 1247 1022 1268; x_wconf 89' lang='lat' dir='ltr'>ne</span> <span class='ocrx_word' id='word_1_117' title='bbox 1046 1237 1221 1277; x_wconf 90' lang='lat' dir='ltr'>quicquam</span> <span class='ocrx_word' id='word_1_118' title='bbox 1239 1238 1317 1270; x_wconf 85' lang='lat' dir='ltr'>FP:</span> <span class='ocrx_word' id='word_1_119' title='bbox 1353 1249 1414 1269; x_wconf 89' lang='lat' dir='ltr'>nec</span> <span class='ocrx_word' id='word_1_120' title='bbox 1437 1240 1528 1279; x_wconf 89' lang='lat' dir='ltr'>quic-</span> 
     </span>
     <span class='ocr_line' id='line_1_18' title="bbox 195 1279 1528 1321; baseline 0 -8"><span class='ocrx_word' id='word_1_121' title='bbox 195 1292 295 1321; x_wconf 87' lang='lat' dir='ltr'>quam</span> <span class='ocrx_word' id='word_1_122' title='bbox 309 1294 326 1312; x_wconf 91' lang='grc' dir='ltr'><strong>υ</strong></span> <span class='ocrx_word' id='word_1_123' title='bbox 457 1281 566 1321; x_wconf 89' lang='lat' dir='ltr'>potuit</span> <span class='ocrx_word' id='word_1_124' title='bbox 583 1292 618 1311; x_wconf 85' lang='lat' dir='ltr'>u:</span> <span class='ocrx_word' id='word_1_125' title='bbox 651 1281 752 1312; x_wconf 89' lang='lat' dir='ltr'>toties</span> <span class='ocrx_word' id='word_1_126' title='bbox 772 1279 971 1319; x_wconf 77' lang='lat' dir='ltr'>Wernsdmf</span> <span class='ocrx_word' id='word_1_127' title='bbox 1152 1289 1194 1319; x_wconf 89' lang='grc'>35</span> <span class='ocrx_word' id='word_1_128' title='bbox 1218 1281 1375 1320; x_wconf 81' lang='lat' dir='ltr'>flagrabis</span> <span class='ocrx_word' id='word_1_129' title='bbox 1400 1282 1528 1313; x_wconf 84' lang='lat' dir='ltr'>Naeke:</span> 
     </span>
     <span class='ocr_line' id='line_1_19' title="bbox 196 1322 1526 1364; baseline 0 -8"><span class='ocrx_word' id='word_1_130' title='bbox 196 1326 357 1364; x_wconf 84' lang='lat' dir='ltr'>flagrabat</span> <span class='ocrx_word' id='word_1_131' title='bbox 373 1336 391 1355; x_wconf 87' lang='grc' dir='ltr'>υ</span> <span class='ocrx_word' id='word_1_132' title='bbox 489 1325 618 1364; x_wconf 88' lang='lat' dir='ltr'>Iupiter</span> <span class='ocrx_word' id='word_1_133' title='bbox 634 1324 681 1354; x_wconf 88' lang='lat' dir='ltr'>bis</span> <span class='ocrx_word' id='word_1_134' title='bbox 698 1323 739 1353; x_wconf 92' lang='lat' dir='ltr'><em>M</em></span> <span class='ocrx_word' id='word_1_135' title='bbox 831 1323 1045 1354; x_wconf 74' lang='lat' dir='ltr'>Pmenthesin</span> <span class='ocrx_word' id='word_1_136' title='bbox 1067 1322 1265 1363; x_wconf 64' lang='lat' dir='ltr'>Wernsdovf</span> <span class='ocrx_word' id='word_1_137' title='bbox 1278 1328 1307 1355; x_wconf 89' lang='lat' dir='ltr'>et</span> <span class='ocrx_word' id='word_1_138' title='bbox 1326 1324 1434 1356; x_wconf 78' lang='lat' dir='ltr'>Naeke</span> <span class='ocrx_word' id='word_1_139' title='bbox 1454 1336 1526 1357; x_wconf 88' lang='lat' dir='ltr'>con-</span> 
     </span>
     <span class='ocr_line' id='line_1_20' title="bbox 195 1366 1524 1408; baseline 0 -9"><span class='ocrx_word' id='word_1_140' title='bbox 195 1369 371 1399; x_wconf 73' lang='lat' dir='ltr'>stituerunt</span> <span class='ocrx_word' id='word_1_141' title='bbox 528 1369 571 1408; x_wconf 84' lang='lat'>36</span> <span class='ocrx_word' id='word_1_142' title='bbox 594 1367 698 1398; x_wconf 89' lang='lat' dir='ltr'>coluit</span> <span class='ocrx_word' id='word_1_143' title='bbox 723 1379 749 1407; x_wconf 90' lang='lat' dir='ltr'>v,</span> <span class='ocrx_word' id='word_1_144' title='bbox 769 1367 835 1397; x_wconf 85' lang='lat' dir='ltr'>nisi</span> <span class='ocrx_word' id='word_1_145' title='bbox 849 1377 900 1398; x_wconf 87' lang='lat' dir='ltr'>me</span> <span class='ocrx_word' id='word_1_146' title='bbox 915 1367 1001 1397; x_wconf 73' lang='lat' dir='ltr'>oculi</span> <span class='ocrx_word' id='word_1_147' title='bbox 1010 1366 1162 1405; x_wconf 83' lang='lat' dir='ltr'>fallunt:</span> <span class='ocrx_word' id='word_1_148' title='bbox 1191 1367 1280 1398; x_wconf 85' lang='lat' dir='ltr'>aluid</span> <span class='ocrx_word' id='word_1_149' title='bbox 1297 1366 1356 1398; x_wconf 89' lang='lat' dir='ltr'>M:</span> <span class='ocrx_word' id='word_1_150' title='bbox 1389 1369 1480 1399; x_wconf 88' lang='lat' dir='ltr'>aliud</span> <span class='ocrx_word' id='word_1_151' title='bbox 1503 1369 1524 1399; x_wconf 80' lang='lat'><em>1</em></span> 
     </span>
     <span class='ocr_line' id='line_1_21' title="bbox 195 1410 1528 1452; baseline 0 -10"><span class='ocrx_word' id='word_1_152' title='bbox 195 1411 296 1452; x_wconf 87' lang='lat' dir='ltr'>haec]</span> <span class='ocrx_word' id='word_1_153' title='bbox 318 1422 356 1443; x_wconf 90' lang='lat' dir='ltr'>ec</span> <span class='ocrx_word' id='word_1_154' title='bbox 373 1411 540 1442; x_wconf 81' lang='lat' dir='ltr'>Baehrens</span> <span class='ocrx_word' id='word_1_155' title='bbox 660 1410 736 1451; x_wconf 89' lang='lat' dir='ltr'>tibi]</span> <span class='ocrx_word' id='word_1_156' title='bbox 754 1421 773 1441; x_wconf 91' lang='lat' dir='ltr'>a</span> <span class='ocrx_word' id='word_1_157' title='bbox 792 1411 872 1441; x_wconf 91' lang='lat' dir='ltr'>Ioue</span> <span class='ocrx_word' id='word_1_158' title='bbox 898 1410 1029 1450; x_wconf 81' lang='lat' dir='ltr'>Maelzly</span> <span class='ocrx_word' id='word_1_159' title='bbox 1054 1412 1134 1450; x_wconf 81' lang='lat' dir='ltr'>(om.</span> <span class='ocrx_word' id='word_1_160' title='bbox 1161 1410 1284 1451; x_wconf 83' lang='lat' dir='ltr'>haec):</span> <span class='ocrx_word' id='word_1_161' title='bbox 1322 1411 1367 1441; x_wconf 92' lang='lat' dir='ltr'>ibi</span> <span class='ocrx_word' id='word_1_162' title='bbox 1392 1412 1528 1443; x_wconf 80' lang='lat' dir='ltr'>Ribbeck</span> 
     </span>
     <span class='ocr_line' id='line_1_22' title="bbox 196 1453 1526 1496; baseline 0.001 -11"><span class='ocrx_word' id='word_1_163' title='bbox 196 1456 317 1486; x_wconf 82' lang='lat' dir='ltr'>Manca</span> <span class='ocrx_word' id='word_1_164' title='bbox 333 1455 409 1485; x_wconf 80' lang='lat' dir='ltr'>haec</span> <span class='ocrx_word' id='word_1_165' title='bbox 430 1454 528 1494; x_wconf 82' lang='lat' dir='ltr'>credo,</span> <span class='ocrx_word' id='word_1_166' title='bbox 549 1454 684 1485; x_wconf 82' lang='lat' dir='ltr'>amissis</span> <span class='ocrx_word' id='word_1_167' title='bbox 709 1453 838 1484; x_wconf 81' lang='lat' dir='ltr'>dnobus</span> <span class='ocrx_word' id='word_1_168' title='bbox 860 1453 977 1485; x_wconf 80' lang='lat' dir='ltr'>saltem</span> <span class='ocrx_word' id='word_1_169' title='bbox 1002 1453 1156 1494; x_wconf 77' lang='lat' dir='ltr'>uersibus,</span> <span class='ocrx_word' id='word_1_170' title='bbox 1177 1463 1257 1494; x_wconf 82' lang='lat' dir='ltr'>quos</span> <span class='ocrx_word' id='word_1_171' title='bbox 1278 1454 1324 1485; x_wconf 81' lang='lat' dir='ltr'>sic</span> <span class='ocrx_word' id='word_1_172' title='bbox 1337 1455 1526 1496; x_wconf 72' lang='lat' dir='ltr'>supplebant</span> 
     </span>
     <span class='ocr_line' id='line_1_23' title="bbox 194 1496 723 1537; baseline -0.004 -9"><span class='ocrx_word' id='word_1_173' title='bbox 194 1498 336 1530; x_wconf 81' lang='lat' dir='ltr'>Americ.</span> <span class='ocrx_word' id='word_1_174' title='bbox 351 1498 386 1537; x_wconf 92' lang='lat' dir='ltr'>J.</span> <span class='ocrx_word' id='word_1_175' title='bbox 408 1498 524 1529; x_wconf 83' lang='lat' dir='ltr'>Pln&#39;lol.</span> <span class='ocrx_word' id='word_1_176' title='bbox 547 1496 641 1527; x_wconf 87' lang='lat' dir='ltr'>VIII.</span> <span class='ocrx_word' id='word_1_177' title='bbox 662 1507 723 1536; x_wconf 84' lang='lat'>411</span> 
     </span>
    </p>

    <p class='ocr_par' dir='ltr' id='par_1_4' title="bbox 370 1540 1297 1583">
     <span class='ocr_line' id='line_1_24' title="bbox 370 1540 1297 1583; baseline 0 -12"><span class='ocrx_word' id='word_1_178' title='bbox 370 1542 501 1583; x_wconf 87' lang='lat' dir='ltr'>[deficit</span> <span class='ocrx_word' id='word_1_179' title='bbox 526 1541 704 1579; x_wconf 87' lang='lat' dir='ltr'>incassum,</span> <span class='ocrx_word' id='word_1_180' title='bbox 732 1550 800 1571; x_wconf 90' lang='lat' dir='ltr'>non</span> <span class='ocrx_word' id='word_1_181' title='bbox 826 1540 953 1579; x_wconf 84' lang='lat' dir='ltr'>perfert</span> <span class='ocrx_word' id='word_1_182' title='bbox 977 1540 1118 1571; x_wconf 83' lang='lat' dir='ltr'>dextera</span> <span class='ocrx_word' id='word_1_183' title='bbox 1142 1541 1297 1581; x_wconf 85' lang='lat' dir='ltr'>se1·1·um,]</span> 
     </span>
    </p>

    <p class='ocr_par' dir='ltr' id='par_1_5' title="bbox 387 1583 1241 1624">
     <span class='ocr_line' id='line_1_25' title="bbox 387 1583 1241 1624; baseline 0 -10"><span class='ocrx_word' id='word_1_184' title='bbox 387 1594 450 1614; x_wconf 90' lang='lat' dir='ltr'>nec</span> <span class='ocrx_word' id='word_1_185' title='bbox 474 1585 654 1624; x_wconf 87' lang='lat' dir='ltr'>quidquam</span> <span class='ocrx_word' id='word_1_186' title='bbox 680 1583 805 1614; x_wconf 89' lang='lat' dir='ltr'>nostris</span> <span class='ocrx_word' id='word_1_187' title='bbox 829 1583 938 1622; x_wconf 87' lang='lat' dir='ltr'>potuit</span> <span class='ocrx_word' id='word_1_188' title='bbox 963 1584 1084 1614; x_wconf 87' lang='lat' dir='ltr'>deuota</span> <span class='ocrx_word' id='word_1_189' title='bbox 1108 1583 1241 1615; x_wconf 88' lang='lat' dir='ltr'>libellis.</span> 
     </span>
    </p>

    <p class='ocr_par' dir='ltr' id='par_1_6' title="bbox 371 1626 1265 1668">
     <span class='ocr_line' id='line_1_26' title="bbox 371 1626 1265 1668; baseline 0 -10"><span class='ocrx_word' id='word_1_190' title='bbox 371 1627 421 1668; x_wconf 89' lang='lat' dir='ltr'>[at</span> <span class='ocrx_word' id='word_1_191' title='bbox 444 1638 512 1657; x_wconf 91' lang='lat' dir='ltr'>non</span> <span class='ocrx_word' id='word_1_192' title='bbox 537 1627 695 1658; x_wconf 87' lang='lat' dir='ltr'>Cadmeis</span> <span class='ocrx_word' id='word_1_193' title='bbox 720 1626 866 1665; x_wconf 79' lang='lat' dir='ltr'>Semele,</span> <span class='ocrx_word' id='word_1_194' title='bbox 894 1626 950 1666; x_wconf 88' lang='lat' dir='ltr'>pia</span> <span class='ocrx_word' id='word_1_195' title='bbox 974 1637 1053 1657; x_wconf 89' lang='lat' dir='ltr'>cura</span> <span class='ocrx_word' id='word_1_196' title='bbox 1075 1626 1265 1668; x_wconf 83' lang='lat' dir='ltr'>Tonantis,]</span> 
     </span>
    </p>

    <p class='ocr_par' dir='ltr' id='par_1_7' title="bbox 386 1669 1219 1710">
     <span class='ocr_line' id='line_1_27' title="bbox 386 1669 1219 1710; baseline 0 -9"><span class='ocrx_word' id='word_1_197' title='bbox 386 1671 521 1709; x_wconf 89' lang='lat' dir='ltr'>ignibus</span> <span class='ocrx_word' id='word_1_198' title='bbox 545 1670 706 1701; x_wconf 85' lang='lat' dir='ltr'>aetheriis</span> <span class='ocrx_word' id='word_1_199' title='bbox 731 1671 906 1709; x_wconf 72' lang='lat' dir='ltr'>flagrauit?</span> <span class='ocrx_word' id='word_1_200' title='bbox 941 1669 1103 1709; x_wconf 83' lang='lat' dir='ltr'>Iuppiter,</span> <span class='ocrx_word' id='word_1_201' title='bbox 1132 1671 1219 1710; x_wconf 82' lang='lat' dir='ltr'>(ipse</span> 
     </span>
    </p>

    <p class='ocr_par' dir='ltr' id='par_1_8' title="bbox 189 1713 1527 2404">
     <span class='ocr_line' id='line_1_28' title="bbox 389 1713 1326 1754; baseline 0.001 -10"><span class='ocrx_word' id='word_1_202' title='bbox 389 1713 540 1754; x_wconf 85' lang='lat' dir='ltr'>Iuppiter</span> <span class='ocrx_word' id='word_1_203' title='bbox 565 1714 650 1744; x_wconf 85' lang='lat' dir='ltr'>hanc</span> <span class='ocrx_word' id='word_1_204' title='bbox 674 1713 772 1749; x_wconf 59' lang='lat' dir='ltr'>aluit)</span> <span class='ocrx_word' id='word_1_205' title='bbox 798 1713 883 1744; x_wconf 90' lang='lat' dir='ltr'>cinis</span> <span class='ocrx_word' id='word_1_206' title='bbox 907 1713 990 1744; x_wconf 90' lang='lat' dir='ltr'>haec</span> <span class='ocrx_word' id='word_1_207' title='bbox 1014 1714 1073 1745; x_wconf 88' lang='lat' dir='ltr'>tibi</span> <span class='ocrx_word' id='word_1_208' title='bbox 1099 1713 1156 1744; x_wconf 84' lang='lat' dir='ltr'>fiat</span> <span class='ocrx_word' id='word_1_209' title='bbox 1179 1718 1326 1753; x_wconf 90' lang='lat' dir='ltr'>oportet.</span> 
     </span>
     <span class='ocr_line' id='line_1_29' title="bbox 191 1756 1525 1796; baseline 0.001 -10"><span class='ocrx_word' id='word_1_210' title='bbox 191 1766 232 1796; x_wconf 89' lang='lat'>37</span> <span class='ocrx_word' id='word_1_211' title='bbox 257 1756 420 1788; x_wconf 87' lang='lat' dir='ltr'>Thraecis</span> <span class='ocrx_word' id='word_1_212' title='bbox 438 1757 595 1788; x_wconf 77' lang='lat' dir='ltr'>Ribbeck:</span> <span class='ocrx_word' id='word_1_213' title='bbox 618 1756 744 1788; x_wconf 86' lang='lat' dir='ltr'>threcis</span> <span class='ocrx_word' id='word_1_214' title='bbox 757 1756 845 1788; x_wconf 86' lang='lat' dir='ltr'>Mn:</span> <span class='ocrx_word' id='word_1_215' title='bbox 870 1757 971 1787; x_wconf 82' lang='lat' dir='ltr'>tracis</span> <span class='ocrx_word' id='word_1_216' title='bbox 990 1768 1007 1786; x_wconf 88' lang='grc' dir='ltr'>υ</span> <span class='ocrx_word' id='word_1_217' title='bbox 1074 1757 1152 1788; x_wconf 90' lang='lat' dir='ltr'>inm.</span> <span class='ocrx_word' id='word_1_218' title='bbox 1173 1756 1260 1786; x_wconf 88' lang='lat' dir='ltr'>EMv</span> <span class='ocrx_word' id='word_1_219' title='bbox 1348 1758 1390 1796; x_wconf 88' lang='grc'>38</span> <span class='ocrx_word' id='word_1_220' title='bbox 1414 1756 1525 1788; x_wconf 85' lang='lat' dir='ltr'>Eurus</span> 
     </span>
     <span class='ocr_line' id='line_1_30' title="bbox 191 1799 1527 1840; baseline 0.001 -10"><span class='ocrx_word' id='word_1_221' title='bbox 191 1799 437 1831; x_wconf 71' lang='lat' dir='ltr'>Ascensianass:</span> <span class='ocrx_word' id='word_1_222' title='bbox 468 1810 570 1840; x_wconf 88' lang='lat' dir='ltr'>purus</span> <span class='ocrx_word' id='word_1_223' title='bbox 593 1800 682 1832; x_wconf 85' lang='lat' dir='ltr'>codd.</span> <span class='ocrx_word' id='word_1_224' title='bbox 837 1800 931 1830; x_wconf 89' lang='lat' dir='ltr'>furua</span> <span class='ocrx_word' id='word_1_225' title='bbox 959 1800 1140 1831; x_wconf 78' lang='lat' dir='ltr'>Heinsius:</span> <span class='ocrx_word' id='word_1_226' title='bbox 1176 1801 1271 1831; x_wconf 86' lang='lat' dir='ltr'>furua</span> <span class='ocrx_word' id='word_1_227' title='bbox 1297 1801 1348 1831; x_wconf 71' lang='lat' dir='ltr'>usl</span> <span class='ocrx_word' id='word_1_228' title='bbox 1374 1801 1468 1831; x_wconf 84' lang='lat' dir='ltr'>fusca</span> <span class='ocrx_word' id='word_1_229' title='bbox 1489 1802 1527 1832; x_wconf 84' lang='lat' dir='ltr'>de</span> 
     </span>
     <span class='ocr_line' id='line_1_31' title="bbox 191 1842 1525 1884; baseline 0.001 -11"><span class='ocrx_word' id='word_1_230' title='bbox 191 1842 283 1882; x_wconf 80' lang='lat' dir='ltr'>Rooy</span> <span class='ocrx_word' id='word_1_231' title='bbox 298 1843 408 1883; x_wconf 79' lang='lat' dir='ltr'>spicil.</span> <span class='ocrx_word' id='word_1_232' title='bbox 420 1848 454 1884; x_wconf 83' lang='lat' dir='ltr'>p.</span> <span class='ocrx_word' id='word_1_233' title='bbox 472 1853 533 1874; x_wconf 90' lang='lat'>110</span> <span class='ocrx_word' id='word_1_234' title='bbox 620 1854 662 1883; x_wconf 86' lang='lat'>39</span> <span class='ocrx_word' id='word_1_235' title='bbox 686 1843 928 1883; x_wconf 73' lang='lat' dir='ltr'>mimitantibus</span> <span class='ocrx_word' id='word_1_236' title='bbox 943 1843 995 1874; x_wconf 84' lang='lat' dir='ltr'>P:</span> <span class='ocrx_word' id='word_1_237' title='bbox 1020 1844 1227 1874; x_wconf 85' lang='lat' dir='ltr'>minantibus</span> <span class='ocrx_word' id='word_1_238' title='bbox 1243 1856 1260 1874; x_wconf 91' lang='grc' dir='ltr'>υ</span> <span class='ocrx_word' id='word_1_239' title='bbox 1349 1854 1391 1882; x_wconf 92' lang='lat'>40</span> <span class='ocrx_word' id='word_1_240' title='bbox 1409 1845 1525 1876; x_wconf 86' lang='lat' dir='ltr'>cianeo</span> 
     </span>
     <span class='ocr_line' id='line_1_32' title="bbox 192 1886 1524 1928; baseline 0.002 -12"><span class='ocrx_word' id='word_1_241' title='bbox 192 1887 391 1926; x_wconf 87' lang='lat' dir='ltr'>resplendes</span> <span class='ocrx_word' id='word_1_242' title='bbox 408 1899 425 1917; x_wconf 91' lang='grc' dir='ltr'><em>υ</em></span> <span class='ocrx_word' id='word_1_243' title='bbox 568 1896 606 1924; x_wconf 86' lang='lat'>41</span> <span class='ocrx_word' id='word_1_244' title='bbox 633 1897 703 1918; x_wconf 90' lang='lat' dir='ltr'>non</span> <span class='ocrx_word' id='word_1_245' title='bbox 727 1887 847 1918; x_wconf 89' lang='lat' dir='ltr'>iterum</span> <span class='ocrx_word' id='word_1_246' title='bbox 872 1887 990 1917; x_wconf 89' lang='lat' dir='ltr'>dicens</span> <span class='ocrx_word' id='word_1_247' title='bbox 1013 1886 1118 1928; x_wconf 81' lang='lat' dir='ltr'>(dices</span> <span class='ocrx_word' id='word_1_248' title='bbox 1135 1887 1186 1927; x_wconf 86' lang='lat' dir='ltr'>bv)</span> <span class='ocrx_word' id='word_1_249' title='bbox 1212 1888 1314 1918; x_wconf 88' lang='lat' dir='ltr'>erebo</span> <span class='ocrx_word' id='word_1_250' title='bbox 1333 1887 1452 1928; x_wconf 84' lang='lat' dir='ltr'>(erobo</span> <span class='ocrx_word' id='word_1_251' title='bbox 1472 1887 1524 1919; x_wconf 84' lang='lat' dir='ltr'>P:</span> 
     </span>
     <span class='ocr_line' id='line_1_33' title="bbox 192 1930 1522 1971; baseline 0.002 -12"><span class='ocrx_word' id='word_1_252' title='bbox 192 1930 312 1960; x_wconf 88' lang='lat' dir='ltr'>erebro</span> <span class='ocrx_word' id='word_1_253' title='bbox 329 1930 384 1960; x_wconf 86' lang='lat' dir='ltr'>B:</span> <span class='ocrx_word' id='word_1_254' title='bbox 416 1930 537 1960; x_wconf 88' lang='lat' dir='ltr'>crebro</span> <span class='ocrx_word' id='word_1_255' title='bbox 567 1930 646 1970; x_wconf 91' lang='lat' dir='ltr'>Tvb)</span> <span class='ocrx_word' id='word_1_256' title='bbox 673 1935 729 1960; x_wconf 83' lang='lat' dir='ltr'>tua</span> <span class='ocrx_word' id='word_1_257' title='bbox 752 1930 832 1961; x_wconf 88' lang='lat' dir='ltr'>lidia</span> <span class='ocrx_word' id='word_1_258' title='bbox 859 1930 965 1971; x_wconf 85' lang='lat' dir='ltr'>(lydia</span> <span class='ocrx_word' id='word_1_259' title='bbox 987 1930 1031 1968; x_wconf 83' lang='lat' dir='ltr'>T)</span> <span class='ocrx_word' id='word_1_260' title='bbox 1056 1930 1125 1961; x_wconf 82' lang='lat' dir='ltr'>dixi</span> <span class='ocrx_word' id='word_1_261' title='bbox 1151 1930 1251 1970; x_wconf 84' lang='lat' dir='ltr'>(dixti</span> <span class='ocrx_word' id='word_1_262' title='bbox 1268 1935 1318 1961; x_wconf 80' lang='lat'>1&#39;1:</span> <span class='ocrx_word' id='word_1_263' title='bbox 1351 1930 1442 1961; x_wconf 87' lang='lat' dir='ltr'>dexti</span> <span class='ocrx_word' id='word_1_264' title='bbox 1463 1930 1522 1962; x_wconf 93' lang='lat' dir='ltr'>M:</span> 
     </span>
     <span class='ocr_line' id='line_1_34' title="bbox 191 1973 1523 2013; baseline 0.002 -10"><span class='ocrx_word' id='word_1_265' title='bbox 191 1973 275 2003; x_wconf 85' lang='lat' dir='ltr'>dixit</span> <span class='ocrx_word' id='word_1_266' title='bbox 307 1973 354 2010; x_wconf 89' lang='lat' dir='ltr'>B)</span> <span class='ocrx_word' id='word_1_267' title='bbox 389 1973 476 2004; x_wconf 83' lang='lat' dir='ltr'>codd.</span> <span class='ocrx_word' id='word_1_268' title='bbox 535 1973 662 2004; x_wconf 90' lang='lat' dir='ltr'>Noscet</span> <span class='ocrx_word' id='word_1_269' title='bbox 695 1974 760 2004; x_wconf 83' lang='lat' dir='ltr'>iter</span> <span class='ocrx_word' id='word_1_270' title='bbox 794 1975 922 2004; x_wconf 88' lang='lat' dir='ltr'>ducens</span> <span class='ocrx_word' id='word_1_271' title='bbox 961 1973 1064 2004; x_wconf 90' lang='lat' dir='ltr'>erebo</span> <span class='ocrx_word' id='word_1_272' title='bbox 1101 1978 1165 2013; x_wconf 82' lang='lat' dir='ltr'>tua,</span> <span class='ocrx_word' id='word_1_273' title='bbox 1201 1973 1316 2013; x_wconf 74' lang='lat' dir='ltr'>Lydia,</span> <span class='ocrx_word' id='word_1_274' title='bbox 1352 1974 1440 2004; x_wconf 86' lang='lat' dir='ltr'>Ditis</span> <span class='ocrx_word' id='word_1_275' title='bbox 1475 1974 1523 2006; x_wconf 84' lang='lat' dir='ltr'>ed.</span> 
     </span>
     <span class='ocr_line' id='line_1_35' title="bbox 192 2016 1523 2057; baseline 0.002 -11"><span class='ocrx_word' id='word_1_276' title='bbox 192 2016 402 2056; x_wconf 79' lang='lat' dir='ltr'>Mutinensis,</span> <span class='ocrx_word' id='word_1_277' title='bbox 433 2020 505 2046; x_wconf 86' lang='lat' dir='ltr'>teste</span> <span class='ocrx_word' id='word_1_278' title='bbox 534 2016 665 2055; x_wconf 65' lang='lat' dir='ltr'>Naekio,</span> <span class='ocrx_word' id='word_1_279' title='bbox 696 2016 786 2056; x_wconf 83' lang='lat' dir='ltr'>quod</span> <span class='ocrx_word' id='word_1_280' title='bbox 811 2021 991 2057; x_wconf 77' lang='lat' dir='ltr'>receperunt</span> <span class='ocrx_word' id='word_1_281' title='bbox 1010 2017 1043 2046; x_wconf 86' lang='lat' dir='ltr'><em>A</em></span> <span class='ocrx_word' id='word_1_282' title='bbox 1050 2017 1194 2055; x_wconf 84' lang='lat' dir='ltr'>rnoldus,</span> <span class='ocrx_word' id='word_1_283' title='bbox 1221 2018 1336 2056; x_wconf 82' lang='lat' dir='ltr'>Naeke,</span> <span class='ocrx_word' id='word_1_284' title='bbox 1364 2017 1523 2048; x_wconf 81' lang='lat' dir='ltr'>Ribbeck:</span> 
     </span>
     <span class='ocr_line' id='line_1_36' title="bbox 192 2059 1522 2100; baseline 0.002 -11"><span class='ocrx_word' id='word_1_285' title='bbox 192 2059 270 2089; x_wconf 91' lang='lat' dir='ltr'>Non</span> <span class='ocrx_word' id='word_1_286' title='bbox 288 2060 308 2092; x_wconf 87' lang='lat' dir='ltr'>i.</span> <span class='ocrx_word' id='word_1_287' title='bbox 325 2059 414 2090; x_wconf 89' lang='lat' dir='ltr'>dicet</span> <span class='ocrx_word' id='word_1_288' title='bbox 432 2060 549 2090; x_wconf 84' lang='lat' dir='ltr'>crebro</span> <span class='ocrx_word' id='word_1_289' title='bbox 571 2070 656 2099; x_wconf 87' lang='lat' dir='ltr'>quae</span> <span class='ocrx_word' id='word_1_290' title='bbox 681 2060 790 2100; x_wconf 86' lang='lat' dir='ltr'>Lydia</span> <span class='ocrx_word' id='word_1_291' title='bbox 812 2060 896 2091; x_wconf 83' lang='lat' dir='ltr'>dixit</span> <span class='ocrx_word' id='word_1_292' title='bbox 917 2060 964 2091; x_wconf 91' lang='lat' dir='ltr'>M.</span> <span class='ocrx_word' id='word_1_293' title='bbox 992 2060 1153 2097; x_wconf 76' lang='lat' dir='ltr'>Schmidt,</span> <span class='ocrx_word' id='word_1_294' title='bbox 1179 2060 1297 2092; x_wconf 76' lang='lat' dir='ltr'>Philol.</span> <span class='ocrx_word' id='word_1_295' title='bbox 1322 2060 1411 2091; x_wconf 92' lang='lat' dir='ltr'><em>VIII.</em></span> <span class='ocrx_word' id='word_1_296' title='bbox 1441 2071 1522 2100; x_wconf 85' lang='lat'><strong>192:</strong></span> 
     </span>
     <span class='ocr_line' id='line_1_37' title="bbox 193 2102 1520 2143; baseline 0.002 -11"><span class='ocrx_word' id='word_1_297' title='bbox 193 2102 269 2132; x_wconf 91' lang='lat' dir='ltr'>Non</span> <span class='ocrx_word' id='word_1_298' title='bbox 294 2103 314 2133; x_wconf 88' lang='lat' dir='ltr'>i.</span> <span class='ocrx_word' id='word_1_299' title='bbox 340 2103 447 2133; x_wconf 85' lang='lat' dir='ltr'>discet</span> <span class='ocrx_word' id='word_1_300' title='bbox 471 2104 593 2134; x_wconf 87' lang='lat' dir='ltr'>crebro</span> <span class='ocrx_word' id='word_1_301' title='bbox 624 2113 720 2143; x_wconf 82' lang='lat' dir='ltr'>quae,</span> <span class='ocrx_word' id='word_1_302' title='bbox 757 2104 874 2142; x_wconf 81' lang='lat' dir='ltr'>Lydia,</span> <span class='ocrx_word' id='word_1_303' title='bbox 903 2105 985 2134; x_wconf 87' lang='lat' dir='ltr'>dixti</span> <span class='ocrx_word' id='word_1_304' title='bbox 1013 2103 1179 2134; x_wconf 72' lang='lat' dir='ltr'>Esknclze&#39;:</span> <span class='ocrx_word' id='word_1_305' title='bbox 1213 2104 1290 2134; x_wconf 90' lang='lat' dir='ltr'>Non</span> <span class='ocrx_word' id='word_1_306' title='bbox 1318 2104 1337 2135; x_wconf 92' lang='lat' dir='ltr'>i.</span> <span class='ocrx_word' id='word_1_307' title='bbox 1370 2104 1520 2134; x_wconf 86' lang='lat' dir='ltr'>dicetur:</span> 
     </span>
     <span class='ocr_line' id='line_1_38' title="bbox 192 2146 1523 2187; baseline 0.002 -12"><span class='ocrx_word' id='word_1_308' title='bbox 192 2146 264 2175; x_wconf 88' lang='lat' dir='ltr'>heri</span> <span class='ocrx_word' id='word_1_309' title='bbox 284 2147 358 2176; x_wconf 81' lang='lat' dir='ltr'>‘tua</span> <span class='ocrx_word' id='word_1_310' title='bbox 373 2146 380 2159; x_wconf 90' lang='lat'>&#39;</span> <span class='ocrx_word' id='word_1_311' title='bbox 398 2146 506 2185; x_wconf 84' lang='lat' dir='ltr'>Lydia</span> <span class='ocrx_word' id='word_1_312' title='bbox 523 2146 605 2178; x_wconf 87' lang='lat' dir='ltr'>dixti</span> <span class='ocrx_word' id='word_1_313' title='bbox 622 2157 679 2186; x_wconf 82' lang='lat' dir='ltr'>ego</span> <span class='ocrx_word' id='word_1_314' title='bbox 696 2148 730 2177; x_wconf 87' lang='lat' dir='ltr'>in</span> <span class='ocrx_word' id='word_1_315' title='bbox 749 2147 985 2187; x_wconf 69' lang='lat' dir='ltr'>Cambtidges.</span> <span class='ocrx_word' id='word_1_316' title='bbox 1000 2147 1119 2178; x_wconf 80' lang='lat' dir='ltr'>Plzilol.</span> <span class='ocrx_word' id='word_1_317' title='bbox 1133 2147 1225 2177; x_wconf 90' lang='lat' dir='ltr'><strong>VIII.</strong></span> <span class='ocrx_word' id='word_1_318' title='bbox 1247 2157 1286 2186; x_wconf 87' lang='lat'>72</span> <span class='ocrx_word' id='word_1_319' title='bbox 1332 2146 1413 2177; x_wconf 84' lang='lat' dir='ltr'>Post</span> <span class='ocrx_word' id='word_1_320' title='bbox 1429 2158 1462 2179; x_wconf 87' lang='lat' dir='ltr'>u.</span> <span class='ocrx_word' id='word_1_321' title='bbox 1480 2158 1523 2186; x_wconf 90' lang='lat'>40</span> 
     </span>
     <span class='ocr_line' id='line_1_39' title="bbox 189 2189 1519 2230; baseline 0.002 -11"><span class='ocrx_word' id='word_1_322' title='bbox 189 2189 347 2220; x_wconf 80' lang='lat' dir='ltr'>lacunam</span> <span class='ocrx_word' id='word_1_323' title='bbox 369 2190 486 2221; x_wconf 81' lang='lat' dir='ltr'>statuit</span> <span class='ocrx_word' id='word_1_324' title='bbox 507 2190 734 2228; x_wconf 80' lang='lat' dir='ltr'>Reitzenstein,</span> <span class='ocrx_word' id='word_1_325' title='bbox 755 2201 785 2220; x_wconf 86' lang='lat' dir='ltr'>u.</span> <span class='ocrx_word' id='word_1_326' title='bbox 805 2200 843 2228; x_wconf 82' lang='lat'>41</span> <span class='ocrx_word' id='word_1_327' title='bbox 870 2191 977 2221; x_wconf 77' lang='lat' dir='ltr'>scribit</span> <span class='ocrx_word' id='word_1_328' title='bbox 1000 2190 1078 2220; x_wconf 87' lang='lat' dir='ltr'>Non</span> <span class='ocrx_word' id='word_1_329' title='bbox 1100 2191 1119 2221; x_wconf 93' lang='lat' dir='ltr'>i.</span> <span class='ocrx_word' id='word_1_330' title='bbox 1145 2190 1263 2221; x_wconf 89' lang='lat' dir='ltr'>dicens</span> <span class='ocrx_word' id='word_1_331' title='bbox 1287 2190 1405 2221; x_wconf 86' lang='lat' dir='ltr'>crebro</span> <span class='ocrx_word' id='word_1_332' title='bbox 1423 2201 1519 2230; x_wconf 88' lang='lat' dir='ltr'>quae,</span> 
     </span>
     <span class='ocr_line' id='line_1_40' title="bbox 192 2232 1521 2273; baseline 0.002 -11"><span class='ocrx_word' id='word_1_333' title='bbox 192 2232 310 2271; x_wconf 73' lang='lat' dir='ltr'>Lydia,</span> <span class='ocrx_word' id='word_1_334' title='bbox 345 2232 441 2264; x_wconf 86' lang='lat' dir='ltr'>dixit.</span> <span class='ocrx_word' id='word_1_335' title='bbox 498 2233 624 2264; x_wconf 80' lang='lat' dir='ltr'>Locum</span> <span class='ocrx_word' id='word_1_336' title='bbox 655 2234 702 2264; x_wconf 78' lang='lat' dir='ltr'>sic</span> <span class='ocrx_word' id='word_1_337' title='bbox 731 2234 896 2264; x_wconf 80' lang='lat' dir='ltr'>constituit</span> <span class='ocrx_word' id='word_1_338' title='bbox 924 2232 964 2265; x_wconf 89' lang='lat' dir='ltr'>L.</span> <span class='ocrx_word' id='word_1_339' title='bbox 1002 2233 1035 2264; x_wconf 88' lang='lat' dir='ltr'>C.</span> <span class='ocrx_word' id='word_1_340' title='bbox 1066 2233 1188 2264; x_wconf 79' lang='lat' dir='ltr'>Purser</span> <span class='ocrx_word' id='word_1_341' title='bbox 1216 2244 1290 2265; x_wconf 90' lang='lat' dir='ltr'>cum</span> <span class='ocrx_word' id='word_1_342' title='bbox 1317 2238 1360 2272; x_wconf 88' lang='lat' dir='ltr'>tu,</span> <span class='ocrx_word' id='word_1_343' title='bbox 1390 2244 1521 2273; x_wconf 88' lang='lat' dir='ltr'>cyaneo</span> 
     </span>
     <span class='ocr_line' id='line_1_41' title="bbox 192 2276 1521 2317; baseline 0.002 -12"><span class='ocrx_word' id='word_1_344' title='bbox 192 2276 415 2314; x_wconf 87' lang='lat' dir='ltr'>resplendens</span> <span class='ocrx_word' id='word_1_345' title='bbox 445 2277 585 2307; x_wconf 85' lang='lat' dir='ltr'>aethere</span> <span class='ocrx_word' id='word_1_346' title='bbox 608 2277 707 2314; x_wconf 87' lang='lat' dir='ltr'>silua,</span> <span class='ocrx_word' id='word_1_347' title='bbox 735 2287 802 2307; x_wconf 89' lang='lat' dir='ltr'>non</span> <span class='ocrx_word' id='word_1_348' title='bbox 836 2277 956 2307; x_wconf 85' lang='lat' dir='ltr'>iterum</span> <span class='ocrx_word' id='word_1_349' title='bbox 988 2277 1077 2307; x_wconf 89' lang='lat' dir='ltr'>dices</span> <span class='ocrx_word' id='word_1_350' title='bbox 1103 2277 1238 2314; x_wconf 82' lang='lat' dir='ltr'>(crebro</span> <span class='ocrx_word' id='word_1_351' title='bbox 1262 2277 1388 2317; x_wconf 91' lang='lat' dir='ltr'>optima</span> <span class='ocrx_word' id='word_1_352' title='bbox 1413 2277 1521 2316; x_wconf 88' lang='lat' dir='ltr'>Lydia</span> 
     </span>
     <span class='ocr_line' id='line_1_42' title="bbox 191 2319 1521 2359; baseline 0.002 -11"><span class='ocrx_word' id='word_1_353' title='bbox 191 2319 291 2359; x_wconf 84' lang='lat' dir='ltr'>dixti&gt;</span> <span class='ocrx_word' id='word_1_354' title='bbox 313 2326 319 2336; x_wconf 76' lang='lat'>⁵</span> <span class='ocrx_word' id='word_1_355' title='bbox 332 2320 462 2351; x_wconf 87' lang='lat' dir='ltr'>uicinae</span> <span class='ocrx_word' id='word_1_356' title='bbox 487 2319 662 2359; x_wconf 85' lang='lat' dir='ltr'>flammae,&#39;</span> <span class='ocrx_word' id='word_1_357' title='bbox 679 2325 754 2359; x_wconf 86' lang='lat' dir='ltr'>etc.,</span> <span class='ocrx_word' id='word_1_358' title='bbox 776 2323 812 2350; x_wconf 82' lang='lat' dir='ltr'>ut</span> <span class='ocrx_word' id='word_1_359' title='bbox 826 2320 911 2350; x_wconf 87' lang='lat' dir='ltr'>silua</span> <span class='ocrx_word' id='word_1_360' title='bbox 929 2321 1101 2351; x_wconf 72' lang='lat' dir='ltr'>uocatz&#39;uus</span> <span class='ocrx_word' id='word_1_361' title='bbox 1116 2321 1158 2351; x_wconf 74' lang='lat' dir='ltr'>sit</span> <span class='ocrx_word' id='word_1_362' title='bbox 1353 2330 1395 2359; x_wconf 86' lang='lat'>43</span> <span class='ocrx_word' id='word_1_363' title='bbox 1419 2332 1484 2352; x_wconf 88' lang='lat' dir='ltr'>om.</span> <span class='ocrx_word' id='word_1_364' title='bbox 1505 2334 1521 2351; x_wconf 90' lang='grc' dir='ltr'>υ</span> 
     </span>
     <span class='ocr_line' id='line_1_43' title="bbox 190 2362 1018 2404; baseline 0.004 -13"><span class='ocrx_word' id='word_1_365' title='bbox 190 2372 290 2392; x_wconf 86' lang='lat' dir='ltr'>auras</span> <span class='ocrx_word' id='word_1_366' title='bbox 306 2362 468 2394; x_wconf 81' lang='lat' dir='ltr'>Heinsius</span> <span class='ocrx_word' id='word_1_367' title='bbox 484 2375 491 2394; x_wconf 76' lang='grc' dir='ltr'>τ</span> <span class='ocrx_word' id='word_1_368' title='bbox 523 2365 656 2404; x_wconf 65' lang='lat' dir='ltr'>aur(a)e</span> <span class='ocrx_word' id='word_1_369' title='bbox 674 2363 761 2394; x_wconf 85' lang='lat' dir='ltr'>codd.</span> <span class='ocrx_word' id='word_1_370' title='bbox 783 2375 790 2393; x_wconf 71' lang='grc' dir='ltr'><strong><em>ε</em></strong></span> <span class='ocrx_word' id='word_1_371' title='bbox 814 2373 893 2393; x_wconf 85' lang='lat' dir='ltr'>aura</span> <span class='ocrx_word' id='word_1_372' title='bbox 910 2363 1018 2394; x_wconf 80' lang='lat' dir='ltr'>Naeke</span> 
     </span>
    </p>
   </div>
  </div>
 </body>
</html>
