1820 2802
312 142 498 181 CVLEX
558 185 560 190 Α

311 251 394 292 iure
423 251 538 303 igitur
567 251 664 299 talis,
697 252 810 291 sedes
840 249 1006 302 pietatiS‚
1039 251 1223 299 honores,

274 363 275 366 Ἴ
311 317 595 369 Scipiadasque
625 319 758 365 duces,
791 330 959 367 quorum
989 316 1136 356 deuota
1164 314 1372 367 triumphis
1578 328 1644 364 370

258 385 269 433 ζ
311 382 469 422 moenia
497 384 566 421 sub
594 382 729 435 lappis*
752 382 924 432 Libycae
954 380 1203 432 Carthaginis
1233 382 1404 420 horrent.

310 447 365 486 illi
394 449 512 488 laude
542 447 613 487 sua
641 448 811 498 uigeant,
844 461 918 498 ego
949 447 1052 486 Ditis
1082 456 1230 498 opacos

310 526 430 564 cogor
459 512 567 553 adire
596 514 715 560 lacus,
747 512 890 552 uiduos
920 526 942 551 a
971 512 1120 552 lumine
1151 511 1316 560 Phoebi,

310 586 348 617 et
378 586 534 617 uastum
565 579 854 628 Phlegethonta
883 576 975 628 pati,
1007 590 1098 628 quo,
1132 577 1301 616 maxime
1332 576 1479 626 Minos,

311 644 578 682 conscelerata
607 642 672 693 pia
701 642 890 682 discernis
920 641 1214 682 uinculaasede.
1582 654 1646 690 375

310 721 402 758 ergo
432 721 556 761 quoni
585 721 745 747 causam
776 707 923 755 mortis,
956 715 1040 746 turn
1070 707 1202 746 dicere
1231 707 1348 754 uitae,

309 761 540 813 uerberibus
570 785 711 811 saeuae
741 779 887 822 cogunt
917 772 991 811 sub
1020 771 1151 811 iudice
1182 773 1351 819 Poenae,

309 852 401 877 cum
431 837 528 876 mihi
558 845 600 876 tu
629 836 681 876 sis
711 850 829 876 causa
859 837 962 884 mali,
995 850 1068 876 nec
1099 836 1281 876 conscius
1311 828 1443 884 adsis(

310 903 381 942 sed
411 901 651 942 tolerabilius
681 915 805 942 cures.
864 903 963 956 haec
993 901 1203 953 immemor
1231 902 1402 941 audis?v
1440 909 1447 919 '¹

310 975 356 1023 ut
382 975 515 1007 tamen
544 966 725 1015 audieris,
758 966 932 1006 dimittes
962 966 1095 1006 omnia
1125 967 1265 1014 uentis,
1584 973 1650 1012 380

310 1040 349 1072 et
379 1046 467 1072 mea
497 1032 658 1072 diffusas
688 1032 887 1083 rapientur
916 1032 1023 1072 dicta
1053 1046 1121 1083 per
1149 1046 1275 1071 auras.
1374 1056 1383 1063 κ
1586 1039 1648 1079 383

310 1097 508 1148 digredior
537 1110 756 1148 numquam
787 1097 991 1137 rediturus.
1052 1105 1095 1136 tu
1125 1099 1211 1147 cole
1241 1099 1391 1137 fontem
1583 1106 1645 1146 381

310 1171 348 1203 et
378 1163 513 1203 uiridis
543 1176 750 1202 nemorum
781 1163 899 1202 siluas
929 1171 967 1202 et
997 1176 1142 1214 pascua
1172 1154 1321 1202 laetus!
1581 1172 1645 1211 382

310 1228 407 1268 dixit
437 1235 475 1268 et
504 1227 825 1281 extremaptristis
856 1241 1079 1279 cunruoce
1109 1228 1279 1267 recessit.

704 1284 735 1291 ’γ
972 1285 1012 1300 »ω
1045 1282 1050 1298 i

354 1335 417 1374 384
431 1333 520 1384 *Vita
537 1333 738 1375 Leudegarii
757 1333 918 1373 Martyris
934 1343 963 1366 2.
983 1343 1045 1373 301
1066 1333 1241 1375 (Traube),
1263 1333 1434 1365 maculans
1458 1344 1536 1365 cum
1561 1345 1649 1366 uoce

310 1383 455 1410 recessit

353 1451 417 1491 369
439 1450 553 1482 talisn
650 1450 838 1481 honoresss
856 1461 863 1481 :
887 1449 963 1481 tali.
985 1473 991 1481 .
1011 1474 1019 1481 .
1038 1450 1203 1480 honorest
1212 1449 1402 1480 Baehrens:
1421 1460 1556 1482 uersum
1570 1451 1649 1482 exci-

308 1493 394 1525 disse
412 1498 491 1535 post
503 1495 570 1534 369
581 1492 710 1525 credidit
718 1492 903 1524 Housman
1021 1503 1087 1532 370
1109 1493 1338 1533 scipiatosque
1353 1492 1383 1522 V
1391 1493 1480 1526 Cors.
1495 1505 1502 1525 ε
1526 1493 1647 1534 scipia-

309 1539 438 1578 dasque
449 1537 635 1569 Vossianus
650 1541 679 1568 et
690 1536 819 1568 Mediol.
834 1547 841 1568 :
855 1537 993 1568 istarum
1006 1537 1191 1576 piadasque
1205 1536 1477 1577 (piaadasqueP)
1484 1536 1648 1569 BFMPS

312 1581 410 1614 Cant.
430 1593 438 1613 :
456 1581 705 1621 Scipiadaeque
717 1579 837 1620 Haupt
924 1590 985 1620 371
1011 1580 1074 1611 sub
1090 1580 1200 1620 lappis
1216 1580 1354 1622 scripsi:
1377 1581 1504 1620 rapidis
1517 1580 1647 1613 FMPS

312 1625 406 1656 Cant.
425 1636 432 1656 ε
471 1625 598 1664 rapidis
628 1626 806 1665 (suprascr.
837 1624 872 1655 ni
903 1623 963 1655 sed
987 1624 1093 1655 manu
1123 1622 1301 1662 recentiore)
1327 1623 1360 1654 Β
1375 1635 1382 1654 :
1418 1624 1578 1664 rapidinis
1607 1625 1645 1656 b:

310 1669 459 1700 romanis
483 1667 515 1699 V
536 1668 626 1700 Cors.
650 1667 851 1700 Vossianus:
879 1668 1053 1699 Romanos
1078 1667 1189 1698 Koclz:
1211 1667 1454 1699 harundinibus
1473 1668 1581 1700 Naeke
1603 1667 1650 1699 ad

309 1711 383 1744 Dir.
400 1718 433 1753 p.
462 1722 549 1752 294:
573 1712 725 1752 uepretis
740 1710 862 1752 Haupt
1002 1721 1066 1751 372
1091 1711 1179 1742 uitus
1197 1721 1324 1751 opacus
1340 1710 1373 1741 F
1381 1722 1388 1742 ε
1412 1721 1536 1750 opacas
1555 1711 1647 1744 Cors.

310 1766 375 1796 373
401 1766 526 1787 uacuos
545 1755 640 1787 Cant.
790 1765 853 1795 374
877 1754 1087 1794 phlegethon
1107 1755 1286 1795 (suprascr.
1301 1754 1349 1793 ta)
1364 1754 1404 1790 Β.
1418 1754 1476 1786 sed
1489 1760 1522 1787 ta
1539 1766 1646 1787 manu

310 1800 475 1831 recentiore
635 1799 780 1830 maxima
814 1799 918 1839 (maxi
943 1798 993 1840 P)
1030 1801 1077 1828 ss:
1111 1798 1257 1829 maxime
1289 1797 1406 1830 Nodell
1581 1808 1645 1839 375

310 1843 475 1874 discernis
501 1841 640 1874 Nodell:
664 1842 823 1874 discernit
849 1845 875 1872 Ω
1033 1843 1098 1881 376
1122 1842 1439 1891 ergo-Efflua
1466 1841 1513 1884 P)
1547 1853 1574 1875 c.
1603 1852 1647 1875 m.

311 1887 376 1917 iam
399 1887 531 1918 discere
557 1885 686 1928 (dicere
706 1885 815 1923 Cors.)
842 1896 872 1917 u.
899 1884 1009 1917 codd.:
1035 1895 1133 1925 quom
1146 1888 1195 1917 ss‘.
1222 1909 1229 1917 .
1254 1889 1324 1916 'fimi
1349 1886 1483 1927 scrffgsi:
1508 1886 1572 1918 iam
1593 1909 1620 1918 ..
1638 1912 1645 1918 .

310 1931 376 1961 iam
389 1929 503 1970 Heyne
635 1940 697 1969 377
723 1929 785 1961 sub
796 1929 958 1970 Scaliger:
985 1929 1026 1960 ab
1040 1928 1129 1960 codd.
1249 1939 1335 1968 pena
1348 1928 1439 1961 Cors.
1583 1931 1648 1969 378

311 1974 388 2005 mali
412 1984 455 2005 ne
480 1973 571 2004 Cors.
601 1973 720 2005 Cant:
753 1973 923 2012 malignae
951 1972 1035 2003 BP:
1060 1972 1135 2003 mali
1160 1982 1221 2003 nec
1249 1973 1433 2004 Vossianus
1567 1982 1644 2015 329

311 2017 448 2058 tol(toll.
482 2016 693 2057 P)erabilius
724 2016 840 2047 BPV:
884 2016 1117 2047 tolerabilibus
1142 2015 1185 2046 M
1214 2016 1305 2048 Cors.
1337 2016 1432 2048 Cant.
1555 2014 1692 2048 curisw

311 2060 399 2092 codd.
419 2072 425 2092 :
457 2071 555 2092 cures
571 2061 695 2101 scripsi,
718 2061 749 2092 le.
763 2070 787 2091 e.
806 2060 923 2091 lentius
939 2059 1095 2091 aduertas
1184 2059 1248 2090 hoc
1277 2058 1460 2091 Vossianus
1472 2063 1502 2090 et
1514 2059 1644 2092 Mediol.

311 2106 377 2144 380
401 2109 433 2136 et
450 2108 563 2136 tamen
580 2109 616 2135 ut
632 2103 726 2135 uadis
744 2103 854 2135 codd.:
879 2109 912 2135 et
936 2107 1049 2135 tamen
1075 2103 1108 2134 in
1137 2104 1233 2134 uanis
1257 2102 1304 2134 ed.
1324 2102 1461 2134 Ascens.
1484 2113 1564 2143 1507
1583 2115 1590 2135 ε
1614 2109 1648 2135 et

311 2153 425 2180 tamen
439 2149 503 2179 etsi
517 2148 613 2179 audis
624 2146 745 2187 Haupt
759 2158 765 2178 :
783 2151 816 2178 et
829 2147 974 2178 lamenta
986 2147 1083 2187 uagis
1096 2147 1170 2178 Birt
1183 2159 1190 2177 ε
1206 2151 1240 2177 ut
1253 2151 1365 2177 tamen
1377 2147 1525 2178 audieris
1534 2147 1652 2188 scripsi

311 2192 461 2223 dimittes
493 2191 605 2223 omnia
633 2190 723 2222 MP:
762 2191 892 2222 dimitte
930 2190 1062 2222 somnia
1093 2190 1123 2221 Β
1150 2190 1245 2222 Cant.
1261 2201 1269 2221 τ
1307 2190 1496 2222 dimitteres
1534 2190 1649 2222 omnia

315 2236 406 2267 Cors.
420 2247 427 2266 z
452 2235 621 2266 dimittere
635 2235 791 2274 sompnia
806 2234 854 2265 V:
878 2235 1028 2266 dimittes
1041 2234 1173 2266 somnia
1183 2233 1228 2266 ed.
1240 2233 1374 2265 Ascens.
1400 2243 1479 2273 1507
1570 2235 1647 2274 383,

312 2280 387 2319 381,
405 2280 469 2318 382
494 2279 539 2310 sic
552 2277 721 2309 ordinauit
736 2277 890 2319 Scaliger.
946 2277 1056 2309 Potest
1071 2281 1182 2309 tamen
1194 2288 1293 2309 uerus
1308 2287 1375 2308 esse
1390 2276 1469 2309 ordo
1487 2288 1647 2310 uersuum

312 2321 424 2363 qualis
439 2326 485 2353 est
499 2322 534 2353 in
550 2321 639 2354 codd.
654 2322 686 2352 si
694 2327 756 2362 pro
773 2327 807 2353 et
824 2322 857 2353 in
871 2323 935 2362 383
952 2322 1118 2363 scripseris
1134 2326 1167 2353 at
1184 2332 1258 2352 cum
1274 2319 1403 2361 Heynio
1514 2322 1648 2361 rapien-

312 2371 367 2398 tur
377 2365 543 2406 Scaliger:
568 2366 743 2405 rapiuntur
759 2365 847 2397 codd.
864 2377 871 2397 z
894 2366 1065 2406 rapiantur
1075 2364 1119 2396 ed.
1132 2364 1265 2397 Ascens.
1280 2374 1360 2404 1507
1444 2365 1505 2403 381
1521 2365 1651 2405 disgre-

313 2410 387 2441 dior
408 2408 440 2439 V
523 2409 651 2441 fontem
671 2410 761 2441 Cors.
777 2421 784 2441 ε
810 2414 920 2441 tontes
936 2408 1009 2440 MP
1019 2420 1026 2441 z
1050 2409 1153 2441 sontis
1169 2408 1237 2439 BF
1327 2409 1391 2448 382
1407 2408 1524 2440 uiridis
1539 2407 1636 2440 BFP
1646 2419 1655 2440 ε

315 2453 445 2486 uirides
463 2452 504 2484 M
514 2453 606 2486 Cors.
625 2464 632 2485 :
657 2453 774 2485 uiridis
792 2453 826 2494 (e
841 2455 1023 2496 suprascr.)
1044 2452 1072 2484 V
1159 2453 1221 2492 384
1239 2452 1365 2484 resistit
1381 2451 1415 2483 F
