1820 2802
301 157 452 196 CIRIS

305 288 344 317 ut
374 279 467 327 uidi,
500 289 541 317 ut
571 279 678 329 perii,
711 288 752 317 ut
784 293 845 318 me
877 281 1001 318 malus
1031 280 1191 318 abstulit
1221 294 1334 319 error.
1571 295 1639 327 430

302 358 384 383 non
414 343 677 394 equidem‘ex
705 344 780 382 isto
810 343 964 394 speraui
994 357 1158 395 corpore
1187 358 1304 395 posse

305 411 381 448 tale
412 411 559 447 malum
591 408 710 456 nasci,
742 410 892 447 formae
922 422 1024 460 quae
1054 409 1181 448 sidere
1210 411 1331 448 fallor.

303 488 368 513 me
397 487 479 512 non
508 473 658 512 deliciis
688 473 907 513 commouit
936 473 1040 524 regia
1070 474 1192 520 diues,

304 538 451 577 curalio
480 539 585 576 diues
613 537 737 588 fragili
767 546 805 577 et
834 537 1043 578 lacrimoso
1073 541 1230 586 electro,

304 617 367 642 me
397 616 478 641 non
508 604 692 642 florentes
721 603 876 653 aequali
906 617 1069 654 corpore
1100 605 1309 654 nymphae,
1575 619 1639 652 435

305 681 387 706 non
417 676 545 706 metus
575 667 794 706 incendens
824 667 953 718 potuit
982 668 1149 706 retinere
1178 669 1356 707 deorum.

307 732 443 771 omnia
472 732 567 771 uicit
595 746 730 771 amor:
770 732 868 782 quid
898 732 1003 771 enim
1034 746 1115 771 non
1145 733 1322 772 uinceret
1351 732 1445 771 ille?

306 811 388 836 non
417 796 514 835 mihi
544 796 621 834 iarn
652 795 788 846 pingui
818 797 1019 835 sudabunt
1048 804 1226 848 tempora
1256 798 1422 848 myrrha,

305 862 486 912 pronuba
514 875 588 899 nec
618 868 747 899 castos
777 862 969 900 accendet
998 861 1115 912 pinus
1146 863 1328 910 honores,

306 941 380 966 nec
410 927 530 977 Libys
560 926 722 977 Assyrio
751 934 945 965 sternetur
974 929 1140 966 lectulus
1171 936 1287 966 ostro.
1578 944 1644 975 440

307 1005 449 1042 magna
479 1005 643 1042 queror:
682 1005 733 1030 ne
762 999 805 1030 tu
834 991 899 1030 illa
929 991 1091 1042 quidem
1121 991 1352 1031 communis
1373 973 1534 1031 alurnna

306 1057 492 1096 omnibus
521 1056 676 1104 iniecta,
708 1058 833 1103 tellus,
866 1057 1079 1096 tumulabis
1109 1058 1265 1096 harena.

308 1136 399 1162 men
429 1121 530 1161 inter
559 1130 702 1161 matres
732 1121 1009 1173 ancillarisque
1039 1122 1208 1170 maritas,

307 1202 400 1227 men
429 1187 523 1226 alias
553 1187 653 1226 inter
682 1188 917 1226 famularum
947 1201 1110 1226 munere
1139 1187 1259 1238 fungi,

308 1252 486 1302 coniugis
516 1260 635 1302 atque
665 1260 766 1299 tuae,
799 1265 1078 1302 quaecumque
1107 1251 1179 1291 erit
1208 1251 1284 1308 illa,
1317 1252 1456 1291 beatae
1578 1269 1643 1300 445

635 1349 700 1379 430
723 1339 790 1371 Ecl.
811 1340 841 1372 8.
859 1349 896 1378 41
1031 1348 1094 1378 437
1120 1339 1186 1370 Ecl.
1209 1349 1257 1370 10.
1274 1340 1318 1379 69

353 1427 416 1456 432
440 1416 545 1447 forma
566 1416 620 1447 uel
644 1417 768 1455 sydera
799 1418 1056 1458 (suprascr.1·e)
1084 1416 1182 1447 fallor
1207 1416 1263 1446 A:
1303 1416 1412 1446 forma
1437 1416 1492 1447 uel
1520 1417 1646 1456 sydere

306 1460 405 1490 fallor
435 1459 526 1490 RU:
565 1460 691 1491 formae
721 1460 774 1490 uel
801 1461 912 1490 sidere
941 1460 1009 1490 falli
1043 1471 1075 1489 u.
1105 1460 1137 1491 d
1170 1459 1354 1491 Obseruatt.
1384 1459 1426 1490 ΙΙ,
1448 1465 1484 1500 p.
1510 1469 1586 1499 323,
1609 1463 1648 1490 ut

309 1503 376 1533 salli
390 1503 541 1543 penderet
555 1514 593 1533 ex
607 1504 767 1542 speraui:
785 1503 956 1542 formaque
973 1508 1007 1533 et
1020 1504 1133 1535 sidere
1151 1503 1249 1533 fallor
1264 1502 1304 1534 E.
1317 1503 1357 1533 Β.
1373 1503 1511 1534 Greene:
1538 1503 1646 1534 forma

309 1546 364 1577 uel
388 1547 500 1577 sidera
518 1547 613 1577 fallas
629 1546 770 1587 Haupt:
804 1547 933 1577 formae
950 1547 1026 1577 leue
1051 1547 1162 1578 sidere
1182 1546 1251 1577 falli
1268 1557 1325 1586 ego
1341 1546 1420 1576 ol1m
1582 1556 1647 1586 433

310 1590 440 1621 deliciis
471 1590 522 1621 U:
563 1590 704 1622 delectis
739 1590 771 1620 R
803 1596 909 1631 supm
945 1601 1115 1628 rasuram,
1153 1594 1191 1620 ut
1229 1590 1315 1620 mi'lu
1343 1589 1458 1620 uisum
1486 1593 1552 1620 est:
1589 1590 1645 1620 de-

310 1633 405 1664 lectis
432 1633 611 1672 (suprascr.
639 1633 778 1664 delitiis‘n
801 1633 835 1663 A
981 1644 1043 1672 434
1069 1633 1193 1664 curalio
1220 1632 1380 1663 Ribbeck:
1405 1632 1563 1664 .corrallo
1587 1633 1647 1664 A:

310 1677 432 1708 corallo
459 1677 493 1707 R
590 1678 685 1708 diues
711 1677 842 1707 addidi:
875 1687 940 1707 om.
975 1677 1084 1707 ARU
1176 1680 1210 1707 et
1237 1676 1428 1715 lacrymoso
1456 1676 1648 1715 (lacrimoso

310 1720 358 1759 R)
391 1721 518 1755 electro
549 1720 629 1760 AR,
660 1720 719 1751 sed
748 1721 783 1751 in
812 1721 845 1751 A
886 1721 992 1751 rnOuit
1027 1719 1180 1750 additum
1216 1723 1263 1750 est
1292 1724 1396 1758 supra
1433 1720 1576 1750 lineam:
1615 1725 1648 1751 et

320 1764 521 1795 lachrimoso
556 1764 663 1795 mouit
695 1764 824 1795 electro
860 1763 912 1794 U:
953 1764 1051 1794 diues
1081 1763 1206 1794 curalio
1242 1763 1350 1801 fragili
1389 1768 1423 1793 et
1460 1762 1481 1794 l.
1520 1763 1648 1794 electro

312 1807 448 1837 Ribbeck
463 1818 502 1837 ex
517 1807 599 1838 Ald.
619 1817 699 1847 1517
719 1819 726 1838 :
759 1807 885 1837 curalio
902 1807 940 1837 sr.
959 1812 1016 1837 aut
1034 1817 1064 1838 e.
1082 1807 1260 1838 lacrimoso
1275 1806 1396 1847 Haupt
1508 1808 1573 1846 436
1597 1807 1647 1837 in-

312 1851 438 1882 cendes
454 1851 508 1880 R:
534 1851 722 1881 incendens
739 1851 919 1891 (suprascr.
937 1850 1125 1887 incensam)
1140 1850 1172 1879 A
1192 1861 1199 1880 ε
1224 1850 1416 1889 inpendens
1433 1849 1509 1881 Leo.
1585 1860 1647 1890 437

311 1894 391 1924 uicit
407 1893 699 1925 Helmsladtiensis
714 1905 721 1924 τ
737 1894 841 1924 uincit
858 1893 929 1923 AR
1064 1895 1128 1932 438
1152 1894 1251 1924 mirta
1267 1893 1300 1923 R
1440 1904 1504 1933 439
1529 1894 1650 1925 dascos

310 1937 366 1968 R:
390 1937 510 1968 dascos
529 1938 705 1977 (suprascr.
725 1938 848 1977 castos)
868 1938 896 1967 A
916 1948 922 1967 :
946 1947 990 1967 cm
1008 1937 1157 1967 faustos?
1261 1937 1425 1968 accendet
1441 1948 1479 1967 ex
1495 1937 1650 1968 accendit

312 1981 344 2011 A
365 1992 372 2011 :
397 1981 548 2012 incendit
565 1981 598 2011 R
695 1981 813 2020 spinus
830 1980 1024 2020 Leopardus
1040 1986 1092 2021 ap.
1112 1978 1274 2011 Loeusem
1362 1981 1486 2011 odores
1502 1980 1646 2011 Helmst.

311 2023 354 2053 In
373 2024 445 2062 fine
473 2023 788 2055 uersus÷additum
813 2027 861 2054 est
884 2024 917 2053 in
935 2024 968 2054 R
1102 2034 1161 2062 441
1196 2022 1336 2063 magna]
1370 2033 1458 2054 vana
1486 2023 1648 2054 Heinsius

312 2065 383 2097 Sed
408 2071 482 2098 recte
509 2067 784 2098 Ganzemnuellcr
811 2067 945 2097 contulit
976 2077 1079 2107 parua
1108 2077 1232 2106 queror
1250 2067 1295 2098 A.
1318 2067 1365 2098 A.
1393 2066 1437 2097 11.
1465 2068 1539 2106 631,
1568 2065 1646 2098 Met.

314 2110 356 2141 11.
372 2120 435 2149 214
451 2121 459 2142 ι
483 2120 589 2150 parua
600 2110 784 2141 Housman
895 2120 958 2141 nec
975 2115 1010 2141 et
1026 2110 1080 2142 R:
1106 2120 1169 2141 nec
1185 2118 1220 2141 et
1235 2110 1415 2150 (⁸uprascr.
1433 2110 1481 2141 tul
1501 2110 1534 2140 A
1554 2122 1560 2140 :
1584 2120 1647 2141 nec

313 2158 349 2185 ut
384 2153 434 2184 U:
468 2164 511 2185 ne
544 2158 580 2184 tu
609 2165 674 2194 ego,
705 2154 803 2193 idque
833 2154 944 2194 recepit
974 2153 1112 2185 Ribbeck
1245 2153 1378 2185 alumna
1409 2153 1524 2193 ARU,
1560 2153 1652 2194 quod

314 2197 435 2228 retinui
447 2201 484 2227 ul
499 2198 542 2228 sit
555 2197 577 2228 i.
592 2208 622 2237 q.
637 2198 767 2229 nutrix:
791 2197 957 2228 alumnam
973 2196 1136 2227 Heinsius
1237 2208 1299 2236 442
1316 2197 1497 2228 tumulabis
1512 2197 1631 2237 scripsi
1642 2207 1649 2228 z

313 2240 489 2272 tumulabit
510 2240 584 2271 Uet
598 2241 694 2272 codex
710 2240 825 2271 Laeti:
850 2240 1034 2271 cumulabit
1050 2240 1120 2270 AR
1222 2251 1285 2279 443
1310 2250 1386 2270 men
1397 2240 1526 2280 scrip3t':
1551 2250 1650 2271 mene

313 2283 425 2315 ARU
567 2284 803 2324 ancillarisque
827 2284 946 2325 Sillzg:
971 2284 1188 2324 ancillarique
1212 2284 1265 2314 R:
1290 2283 1555 2323 ancillarumque
1577 2283 1654 2314 AU

314 2328 452 2359 maritas
469 2327 523 2359 R:
549 2329 696 2368 marinas
714 2329 890 2369 (suprascr.
907 2327 1075 2367 cateruas)
1101 2327 1135 2357 A
1225 2338 1288 2366 444
1309 2338 1374 2359 om.
1391 2327 1440 2358 U:
1465 2327 1651 2358 moenalias

314 2370 402 2401 AR:
427 2381 526 2402 mene
537 2371 619 2402 alias
630 2371 757 2402 Aldina
776 2381 874 2410 1534:
900 2381 975 2401 men
988 2371 1082 2401 auias
1095 2370 1279 2402 Housman
1295 2381 1300 2400 :
1316 2370 1397 2409 sort.
1413 2380 1490 2400 men
1509 2370 1650 2401 famulas

315 2424 377 2452 445
394 2415 512 2445 beatae
530 2414 620 2444 AR:
645 2415 742 2446 beata
764 2418 820 2450 (cx
840 2416 952 2453 beate)
983 2415 1022 2453 U,
1049 2414 1141 2453 quod
1163 2415 1304 2445 malebat
1319 2413 1427 2445 Naekc
1442 2414 1516 2444 Dir.
1531 2419 1566 2454 p.
1586 2424 1649 2453 407

318 2463 352 2486 ut
371 2458 476 2487 multo
492 2458 671 2497 elegantius
