1820 2802
296 138 672 178 CATALEPTON

297 255 484 288 terrarum
514 248 578 287 hic
607 248 712 287 bello
741 260 928 298 magnum
957 254 1209 286 concusserat
1237 247 1386 294 orbem,

352 313 417 353 hic
446 326 554 364 reges
583 312 703 351 Asiae
731 313 904 363 fregerat,
937 311 1001 351 hic
1030 313 1226 363 populos3

297 378 362 417 hic
389 391 508 429 graue
536 376 739 417 seruitium
769 375 851 424 tibi,
883 376 960 415 iam
990 376 1073 424 tibi,
1106 378 1247 423 Roma,
1278 376 1427 416 ferebat
1609 391 1628 423 5

352 442 498 494 (cetera
527 454 701 492 namque
730 440 803 480 uiri
831 440 996 492 cuspide
1025 441 1323 492 conciderant):

298 521 390 547 cum
419 507 550 547 subito
580 506 620 545 in
649 505 783 546 medio
812 519 941 545 rerum
971 506 1185 546 certamine
1214 519 1402 557 praeceps

353 572 508 620 corruit,
540 586 587 611 ex
616 571 740 622 patria
767 573 904 622 pulsus
933 571 974 610 in
1003 571 1173 622 exilium.

301 638 377 676 tale
406 639 504 677 deae
534 647 698 683 numen,·
725 635 793 674 tali
822 629 1002 675 mortalia
1031 643 1129 675 nutu

353 703 468 741 fallax
497 708 702 741 momento
731 700 918 751 temporis
948 702 1044 754 hora
1073 700 1171 740 terit.
1596 717 1634 738 ιο

877 848 936 885 IV

303 937 571 985 Quocumque
600 934 655 973 ire
684 934 813 973 ferunt
843 933 973 972 uariae
1003 946 1075 972 nos
1105 940 1283 985 tempora
1312 934 1429 982 uitae,

356 1008 515 1050 tangere
544 1013 642 1051 quas
672 1006 791 1038 terras
821 1012 1002 1050 quosque
1033 997 1167 1038 uidere
1197 998 1390 1047 homines,

304 1065 542 1116 dispeream,
571 1064 602 1103 si
633 1072 671 1102 te
700 1063 814 1103 fuerit
844 1063 941 1102 mihi
970 1062 1095 1102 carior
1123 1065 1230 1103 alter.

357 1132 454 1168 alter
483 1128 589 1168 enim
619 1128 706 1178 quis
736 1136 775 1168 te
805 1128 958 1168 dulcior
987 1141 1072 1167 esse
1101 1135 1243 1179 potest,

305 1194 368 1234 cui
397 1193 532 1233 iuueni
560 1200 653 1232 ante
681 1193 779 1232 alios
809 1192 893 1232 diui
922 1192 1142 1243 diuumque
1172 1206 1324 1232 sorores
1618 1209 1635 1241 5

359 1266 513 1307 cuneta,
545 1271 675 1309 neque
704 1258 883 1308 indigno,
915 1259 1043 1305 Musa,
1075 1259 1221 1297 dedere
1251 1258 1367 1306 bona,

306 1331 460 1372 cuncta,
493 1323 637 1374 quibus
666 1324 812 1374 gaudet
842 1322 996 1362 Phoebi
1026 1323 1169 1362 chorus
1199 1322 1362 1374 ipseque
1393 1323 1611 1362 Phoebus?

359 1389 514 1429 doctior
543 1402 567 1427 0
597 1388 684 1439 quis
714 1397 763 1436 te,
798 1389 927 1435 Musa,
959 1387 1079 1426 fuisse
1109 1390 1271 1438 potest?

306 1469 331 1495 ο
360 1455 448 1506 quis
476 1461 516 1507 ἒς
546 1453 585 1492 in
616 1453 725 1492 terris
754 1453 929 1503 loquitur
957 1452 1167 1492 iucundior
1196 1455 1306 1503 uno?

362 1520 451 1560 Clio
482 1532 573 1558 nam
604 1526 708 1558 certe
738 1518 909 1558 candida
938 1529 1019 1556 non
1048 1506 1234 1568 loquitur?
1600 1534 1641 1557 10

351 1632 370 1662 3
394 1627 560 1653 terrarum
584 1620 637 1652 hic
661 1621 749 1652 bello
773 1626 896 1660 magnfi
914 1644 922 1652 .
941 1643 948 1651 .
969 1644 976 1651 .
987 1644 995 1660 ,
1011 1619 1085 1651 dein
1109 1631 1196 1651 nouo
1220 1630 1328 1661 uersu,
1347 1644 1355 1652 .
1373 1644 1380 1652 .
1397 1643 1404 1651 .
1423 1626 1642 1652 concusserat

307 1667 422 1697 orbem
446 1665 479 1696 Β
591 1670 721 1696 terrore
749 1665 802 1695 hic
831 1665 909 1695 belli
934 1663 1100 1695 Ruhnken
1124 1663 1171 1695 ad
1187 1664 1261 1696 Vell.
1284 1663 1326 1694 11.
1349 1665 1397 1695 18.
1417 1674 1437 1703 3
1621 1673 1640 1703 5

309 1710 368 1741 tibi
385 1710 448 1740 iam
471 1709 530 1740 tibi
550 1708 661 1739 MAr
674 1719 717 1739 u:
743 1709 802 1739 tibi
825 1708 889 1739 iam
911 1707 943 1738 Β
963 1717 1026 1748 quo
1047 1711 1178 1739 seruato
1201 1708 1356 1739 Romane
1376 1708 1454 1739 coni.
1473 1707 1646 1738 Buecheler

308 1754 328 1784 8
353 1764 371 1784 e
396 1753 504 1783 Aru:
537 1756 570 1783 et
591 1751 684 1782 BM:
717 1762 753 1783 ec
778 1750 888 1783 Ribb}
1063 1762 1085 1791 9
1107 1751 1171 1781 ritu
1192 1750 1336 1792 Haupt:
1362 1756 1452 1782 motu
1477 1751 1644 1782 Baehrens

309 1802 396 1827 nutu
409 1801 472 1837 pro
489 1795 601 1827 (latino
616 1796 846 1836 interpretatus
862 1799 908 1826 est
921 1794 1053 1831 Fz'edler,
1068 1793 1153 1825 idem
1170 1798 1281 1826 tamen
1298 1795 1379 1826 coni.
1396 1795 1461 1825 ruit
1473 1799 1535 1835 pro
1552 1795 1643 1825 dedit

312 1850 350 1871 10
376 1841 455 1870 terit
469 1840 603 1880 scrt'pSt':
630 1839 724 1888 dedit
740 1838 827 1870 codd.
845 1850 851 1870 :
875 1839 999 1878 premit
1015 1837 1198 1869 Ruhnken:
1224 1838 1301 1869 ferit
1316 1837 1509 1870 Baehrens:
1531 1838 1644 1869 adedit

310 1882 496 1914 Sabbadini

356 1926 412 1957 1V.
441 1935 455 1956 1
483 1926 717 1965 quodcumque
747 1926 780 1956 hi
810 1925 962 1957 referunt
983 1925 1036 1956 B:
1069 1935 1280 1965 quocumque
1306 1925 1356 1956 ire
1380 1924 1492 1957 ferunt
1509 1923 1643 1956 MAru

312 1969 400 2001 Med.
523 1980 542 2000 2
567 1974 708 2008 tangere
723 1968 755 1999 B
771 1980 778 2000 ε
803 1979 954 2009 pangere
967 1967 1073 1999 MAr
1084 1978 1106 1999 u
1117 1967 1204 2000 Med.
1224 1981 1230 2000 :
1255 1978 1476 2009 quoscunque
1492 1968 1525 1998 Β
1536 1973 1644 2009 m.pr.

311 2024 330 2052 4
356 2013 412 2052 qui
433 2011 573 2043 BMAr
592 2016 621 2043 et
643 2013 688 2043 sic
701 2012 909 2043 Sabbadz'm':
942 2012 1016 2052 quis
1042 2022 1064 2042 u
1235 2022 1254 2051 5
1280 2013 1332 2043 cui
1360 2012 1475 2043 iuueni
1500 2011 1555 2043 B:
1590 2011 1643 2042 cui

311 2067 386 2088 cum
413 2057 492 2096 (con
516 2055 619 2096 Med.)
645 2056 735 2086 uenit
759 2055 897 2086 MMed.
919 2066 926 2086 ε
960 2065 1034 2086 cum
1070 2054 1165 2085 uenit
1193 2055 1275 2096 (om.
1300 2055 1370 2087 cui}
1395 2056 1452 2086 Ar
1575 2054 1644 2085 diui

312 2101 498 2139 diuumque
520 2109 657 2130 sorores
680 2099 734 2130 B:
765 2099 835 2130 diui
860 2100 1026 2138 deumque
1049 2098 1248 2139 (diuumque
1271 2098 1308 2140 u)
1334 2099 1465 2130 furores
1494 2098 1579 2129 Mu:
1610 2098 1645 2128 in

314 2143 369 2173 Ar
397 2143 482 2173 Med.
514 2143 659 2183 spatium
693 2147 740 2173 est
768 2147 846 2183 post
876 2143 970 2181 alios,
1004 2142 1076 2172 dein
1106 2152 1173 2181 que
1207 2142 1357 2173 furores:
1395 2143 1461 2173 clio
1493 2141 1647 2182 cliusque

314 2197 451 2218 sorores
477 2185 639 2217 Heinsius
806 2188 827 2217 6
859 2186 956 2216 Musa
983 2185 1065 2216 Ald.
1095 2195 1201 2225 1517:
1235 2185 1455 2226 multakfgdd.
1628 2195 1646 2224 7

316 2230 418 2270 phebi
442 2231 566 2261 chorus
591 2231 731 2269 ipseque
754 2230 886 2269 phebus
908 2229 966 2260 B:
997 2229 1101 2269 phebi
1130 2229 1272 2268 ipseque
1295 2228 1394 2268 phebi
1422 2228 1556 2269 (phebei
1575 2227 1646 2264 Ar)

316 2273 354 2304 M
381 2272 439 2303 Ar
558 2284 597 2304 10
623 2273 777 2304 Elionam
809 2272 872 2305 M:
911 2272 988 2304 Clio
1019 2277 1085 2304 tam
1121 2272 1360 2304 Casaubonus:
1395 2272 1496 2304 Pitho
1525 2271 1652 2304 Fiedler

315 2317 423 2358 certe]
441 2327 524 2357 prae
540 2322 574 2348 te
590 2316 776 2348 Sabbadim·
1305 2322 1309 2325 ·
