1820 2802
299 142 676 182 CATALEPTON
704 141 987 195 (PRIAPEA)

297 262 493 304 praestare
521 264 560 295 et
588 255 740 296 domini
769 257 969 295 hortulum
999 255 1237 305 uineamque
1265 255 1374 294 tueri.

299 331 418 369 quare
447 319 553 369 hine,
582 333 606 359 o
636 320 755 371 pueri,
788 321 910 359 malas
939 319 1134 359 abstinete
1163 319 1329 371 rapinas.

297 383 451 424 uicinus
479 397 603 436 prope
631 385 744 424 diues
773 392 832 424 est
861 386 1152 436 neglegensque
1182 385 1355 436 Priapus.
1590 401 1631 423 20

297 449 390 489 inde
420 449 572 497 sumite,
605 449 744 489 semita
773 451 871 489 haec
901 449 1046 490 deinde
1076 463 1148 490 uos
1178 452 1274 490 feret
1303 450 1397 500 ipsa.

667 626 1044 666 CATALEPTON

857 730 876 767 Ι

298 812 434 849 DELlA
463 823 580 861 saepe
609 809 680 849 tibi
709 809 829 849 uenit.
888 811 969 858 sed,
1000 811 1147 858 Tucca,
1177 810 1311 850 uidere

349 889 430 915 non
459 875 573 915 licet:
613 875 805 915 occulitur
833 875 969 915 limine
999 877 1131 914 clausa
1160 875 1242 914 uiri.

298 941 412 981 Delia
441 954 558 992 saepe
588 940 670 989 tibi,
702 954 784 980 non
814 940 923 980 uenit
951 941 1082 980 adhuc
1112 940 1232 980 mihi:
1273 953 1445 992 namque

348 1005 380 1045 si
409 1005 610 1053 occulitur,
642 1007 759 1056 longe
789 1013 847 1045 est
877 1013 1036 1057 tangere
1066 1007 1175 1056 quod
1206 1019 1391 1057 nequeas.

295 1071 471 1110 uenerit:
510 1070 655 1110 audiui.
714 1072 784 1110 sed
814 1070 891 1109 iam
922 1071 1018 1109 mihi
1048 1071 1209 1110 nuntius
1238 1071 1310 1110 iste
1609 1088 1626 1117 5

348 1136 444 1187 quid
474 1137 664 1187 prodest?
701 1135 754 1174 illi
784 1135 915 1184 dicite,
947 1136 1040 1186 quoi
1070 1136 1196 1176 rediit.

859 1268 902 1307 II

349 1360 645 1401 Corinthiorum
674 1367 827 1399 amator
855 1359 927 1399 iste
958 1360 1181 1407 uerborum,

293 1425 366 1465 iste
395 1426 467 1465 iste
496 1426 650 1464 rhetor!
690 1437 863 1474 namque
893 1431 1088 1475 quatenus
1118 1432 1224 1463 totus

340 1530 377 1559 18
404 1529 534 1560 uineam
563 1530 644 1570 (om.
665 1529 745 1568 que)
760 1528 793 1558 Β
885 1538 923 1567 19
947 1527 1053 1559 malas
1073 1527 1147 1558 Ar:
1174 1529 1260 1559 mala
1276 1527 1329 1559 B:
1355 1528 1440 1560 male
1459 1528 1499 1559 M
1584 1541 1627 1561 20

293 1573 388 1603 diues
404 1583 471 1606 om.
489 1573 546 1603 Α)
653 1571 908 1612 neglegensque
931 1571 984 1602 B:
1026 1572 1271 1612 negligensque
1290 1572 1330 1601 M
1339 1572 1394 1602 A,
1403 1583 1424 1603 u
1516 1573 1627 1613 Priapi

292 1617 454 1647 Het'nstus
476 1620 506 1647 et
527 1616 582 1647 uir
603 1615 715 1646 doctus
738 1626 772 1646 m
798 1615 887 1647 Mz'sc.
918 1615 1102 1647 Obse1u.I
1122 1620 1158 1656 p.
1181 1616 1270 1654 368:
1296 1615 1455 1655 Priapum
1481 1614 1629 1658 Doen'ng

292 1671 331 1691 21
358 1661 512 1691 semitam
529 1670 643 1691 omnes
661 1660 781 1690 nostn:
807 1659 928 1690 semita
944 1659 1010 1690 duo
1031 1659 1186 1690 Vossiam·
1195 1662 1269 1689 teste
1285 1657 1453 1690 Ri'bbeckto

336 1703 527 1735 CATALEPT.
561 1704 620 1734 1.1
649 1703 746 1734 Delia
760 1702 929 1742 Scaliger:
955 1703 1073 1742 Dequa
1084 1702 1195 1733 codd.:
1209 1703 1293 1742 sort.
1309 1701 1420 1733 Dellia
1483 1703 1572 1734 tuica
1587 1703 1630 1734 M

293 1757 311 1776 2
337 1746 597 1779 oculiturMAr
682 1757 702 1786 3
726 1747 835 1786 dequa
846 1746 933 1777 codd.
982 1747 1101 1787 saepe]
1110 1746 1193 1784 sort.
1212 1755 1334 1784 nempe
1381 1746 1440 1777 tibi
1458 1757 1526 1777 non
1543 1746 1625 1778 Bu.
1618 1759 1626 1765 ·

293 1801 361 1822 non
377 1791 434 1821 tibi
451 1790 559 1822 MAr
569 1789 655 1822 Med.
746 1801 765 1828 4
789 1789 931 1820 oculitur
947 1788 1053 1820 MAr
1137 1798 1157 1827 5
1182 1789 1296 1820 audiui
1314 1788 1370 1819 B:
1394 1795 1450 1820 aut
1471 1790 1515 1820 ibi
1537 1789 1624 1821 Mu·

292 1839 347 1865 aut
359 1834 415 1864 tibi
432 1834 507 1865 Ar:
526 1835 603 1873 sort.
620 1838 699 1865 ante
717 1833 774 1864 tibi
791 1832 881 1873 quod
889 1833 988 1863 ettam
1006 1833 1040 1863 in
1058 1837 1201 1864 mentem
1218 1833 1307 1864 ucmt
1317 1832 1432 1863 edztori
1447 1832 1629 1865 Oxom'ensi

293 1878 436 1917 (Parker
451 1878 552 1918 1889)
654 1877 717 1908 iam
735 1876 857 1918 mihi]'
849 1887 916 1907 lam
933 1876 999 1906 iam
1017 1876 1131 1908 Cmcio
1244 1876 1383 1907 nuntius
1401 1877 1541 1917 Tluogn.
1560 1886 1624 1917 573

291 1920 322 1951 τί
338 1921 365 1951 κ’
381 1921 527 1962 ἄγγελον
536 1920 639 1952 ἄλλον
653 1921 798 1952 ἰάλλοις·
792 1946 798 1958 ,
888 1921 909 1950 6
932 1920 1020 1959 quod
1034 1919 1066 1950 Β
1125 1920 1274 1961 prodeest
1285 1922 1346 1951 hoc
1360 1923 1407 1951 est
1416 1921 1602 1960 prodaest
1589 1931 1624 1951 tn

292 1965 431 2004 prodest
448 1968 617 1996 mutatum
633 1964 666 1994 Β
778 1965 892 1994 dicere
909 1974 952 1994 n:
977 1964 1080 1995 dicito
1103 1962 1273 2004 Scaliger:
1308 1963 1362 1994 dic
1387 1964 1432 1994 ita
1455 1963 1625 1996 Baehrens

291 2009 372 2048 quoi
389 2008 510 2049 Haupt
526 2019 532 2039 :
556 2008 611 2048 qui
628 2007 670 2045 B,
690 2007 780 2048 quod
793 2006 1052 2048 Sabbadinz'pro
1069 2008 1121 2038 cui
1134 2007 1284 2048 positum
1303 2010 1398 2037 ratus
1412 2011 1480 2038 est:
1504 2009 1624 2050 qu(a)e

291 2052 425 2083 MAru
442 2052 528 2084 Med.
567 2052 649 2091 sort.
671 2052 803 2082 uenerit
819 2055 897 2082 aute
916 2051 984 2082 tibi.
1031 2051 1092 2082 sed
1117 2050 1182 2081 iam
1204 2051 1285 2081 mihi
1306 2051 1445 2081 nuntius
1462 2051 1526 2081 iste
1544 2051 1624 2091 quid

291 2096 431 2135 prodest
445 2098 456 2128 ’ζ
484 2096 529 2126 illi
547 2096 660 2126 dicere
686 2096 737 2126 cui
763 2095 863 2126 rediit
879 2095 911 2125 lz.
925 2105 950 2125 e.
970 2094 1189 2135 qm'dprodest
1204 2093 1350 2134 nuntius,
1372 2094 1624 2135 (quidpmdest)

293 2140 446 2170 nuntiare
460 2139 510 2170 illi
521 2140 581 2179 qui
594 2140 652 2170 scil
666 2149 740 2170 eam
757 2138 827 2169 iam
845 2138 892 2169 ad
906 2138 1017 2168 uirum
1035 2148 1200 2169 rewers-am
1217 2137 1308 2169 esse?
1339 2137 1424 2169 InB
1435 2142 1512 2169 ante
1527 2139 1626 2170 rediit

291 2193 326 2213 e)
325 2194 425 2214 asum
440 2186 487 2214 est
502 2182 702 2214 uocabulum
719 2192 812 2213 emus
827 2185 987 2212 ι’κίιεηταε
1002 2181 1273 2221 litteraefnerunt
1287 2180 1312 2211 it

336 2225 378 2258 ΙΙ.
406 2226 633 2267 Quinti'lzanus
649 2225 745 2257 VIII.
763 2235 793 2264 3.
813 2226 854 2255 28
874 2225 995 2256 ‘multa
1020 2225 1084 2256 alia
1101 2225 1201 2256 etiam
1222 2224 1397 2256 audentius
1422 2225 1525 2257 inseri
1548 2235 1623 2264 pos-

291 2275 380 2311 sunt,
410 2271 470 2301 sed
501 2270 546 2301 ita
578 2270 723 2308 demum,
752 2269 780 2300 si
805 2279 873 2300 non
898 2274 1060 2309 appareat
1083 2268 1274 2308 adfectatio,
1303 2279 1336 2299 1n
1361 2279 1459 2308 quam
1485 2269 1626 2301 mirifice

290 2314 459 2354 Vergilius
492 2312 956 2345 “Corinthiorum—miscuit
987 2312 1126 2344 fratri'’.
1173 2312 1313 2344 Cimber
1342 2312 1396 2343 hic
1424 2312 1485 2343 suit
1514 2323 1534 2344 a
1558 2323 1626 2353 quo

289 2357 428 2390 fratrem
446 2362 603 2389 necatum
619 2357 684 2389 hoc
702 2355 880 2388 Ciceronis
894 2356 984 2388 dicto
998 2360 1150 2388 notatum
1163 2361 1240 2388 est:
1266 2357 1471 2388 Germanum
1488 2356 1626 2388 Cimber
