1820 2802
326 171 615 209 MORETVM

323 282 427 320 leuat
457 295 567 331 opus,
601 282 821 332 palmisque
852 294 967 320 suum
1001 280 1137 320 dilatat
1167 281 1205 319 in
1237 282 1385 328 orbern,

322 353 360 385 et
389 354 500 385 notat
529 346 727 396 impressis
756 359 885 396 aequo
915 345 1141 385 discrimine
1170 346 1339 396 quadris.

321 411 436 450 infert
466 411 559 450 inde
589 412 678 449 foco
710 411 893 460 (Scybale
922 411 1182 449 mundauerat
1211 418 1348 461 aptum
1616 426 1659 458 50

322 483 414 515 ante
443 475 595 526 locum)
625 475 814 526 testisque
844 474 950 526 tegit,
983 488 1100 526 super
1133 483 1288 526 aggerat
1318 475 1428 526 ignis.

322 542 500 590 dumque
530 553 618 579 suas
648 539 798 591 peragit
826 541 1030 578 Vulcanus
1060 541 1262 590 Vestaque
1291 547 1432 590 partes,

323 605 492 656 Simylus
521 605 670 644 interea
699 618 825 644 uacua
854 618 935 644 non
965 613 1092 644 cessat
1121 605 1161 643 in
1191 606 1298 652 hora,

323 683 461 709 uerum
491 670 609 709 aliam
639 670 713 709 sibi
743 670 894 720 quaerit
924 683 1052 720 opem,
1085 684 1163 709 neu
1194 671 1277 708 sola
1310 671 1442 720 palato

324 735 372 773 sit
402 748 482 773 non
511 742 620 785 grata
650 735 784 783 Ceres,
814 747 912 784 quas
942 735 1077 784 iungat
1106 742 1308 785 comparat
1338 747 1457 773 escas.
1620 751 1660 783 55

324 814 405 839 non
435 800 491 838 illi
520 813 712 850 suspensa
740 801 874 838 focum
905 800 1079 838 carnaria
1109 800 1226 847 iuxta,

275 911 278 915 Ι
323 864 451 903 durati
481 866 561 903 sale
590 872 697 915 terga
727 864 806 903 suis
836 864 1055 914 truncique,
1088 865 1294 912 vacabant,

323 929 506 968 traiectus
537 929 712 968 medium
744 937 875 979 sparto
906 931 976 968 sed
1006 942 1143 968 caseus
1174 930 1311 968 orbem

321 1003 359 1033 et
389 1002 502 1034 uetus
532 994 679 1033 astricti
709 994 823 1033 fascis
853 995 1054 1045 pendebat
1084 994 1230 1034 anethi.

322 1073 413 1110 ergo
442 1059 559 1098 aliam
590 1059 749 1098 molitur
778 1073 896 1110 opem
927 1059 1001 1097 sibi
1030 1059 1220 1110 prouidus
1251 1061 1377 1098 heros.
1618 1064 1662 1096 60

378 1126 531 1163 Hortus
562 1132 643 1163 erat
672 1124 828 1162 iunctus
859 1125 1025 1171 casulae,
1059 1137 1179 1174 quern
1209 1124 1358 1162 uimina
1389 1136 1515 1174 pauca

323 1197 361 1227 et
390 1191 544 1227 calamo
573 1188 751 1228 rediuiua
780 1189 859 1227 leui
890 1188 1070 1227 munibat
1100 1190 1293 1235 harundo,
1520 1193 1524 1195 “

321 1254 483 1304 exiguus
513 1254 650 1304 spatio,
682 1253 798 1292 uariis
828 1254 898 1292 sed
927 1253 1061 1292 fertilis
1091 1253 1234 1292 herbis.

322 1318 376 1357 nil
406 1318 460 1356 illi
490 1319 600 1357 derat
630 1319 739 1369 quod
770 1318 952 1369 pauperis
983 1318 1099 1368 exigit
1129 1331 1251 1365 usus,-

321 1383 521 1423 interdum
551 1386 727 1434 locuples
756 1397 780 1422 a
809 1397 981 1434 paupere
1010 1385 1121 1434 plura
1151 1383 1322 1433 petebat.
1619 1388 1658 1430 65

322 1461 396 1487 nec
426 1456 606 1500 sumptus
637 1456 718 1487 erat
747 1448 845 1487 illud
875 1449 1090 1498 opus‚‘sed
1120 1449 1252 1487 recula
1282 1461 1424 1487 curae:

324 1536 408 1609 11ΐὸ
426 1535 515 1610 Migo
522 1535 692 1620 >Prosodia
706 1545 732 1566 s.
748 1545 779 1566 u.
798 1544 925 1566 DrLAro
940 1538 971 1575 (1
980 1536 1018 1566 16
1027 1534 1171 1574 Traube,
1183 1535 1272 1566 Poet.
1284 1533 1397 1567 Latin.
1411 1535 1489 1566 aem·
1500 1534 1657 1574 Carolim',

379 1603 385 1610 .
401 1584 436 1620 p.
454 1590 473 1610 2
498 1590 517 1618 4

365 1651 408 1688 48
441 1649 542 1691 opus]
580 1660 705 1690 corpus
740 1649 772 1679 P
884 1650 991 1680 dilatit
1025 1649 1067 1679 M
1219 1660 1262 1688 49
1297 1649 1463 1689 inpressis
1497 1649 1663 1681 BMPSE

322 1704 365 1733 50
389 1693 490 1725 infret
522 1693 552 1724 S
693 1693 769 1723 soco
803 1693 947 1732 Scybale
979 1693 1037 1723 M:
1077 1693 1170 1723 focos
1198 1693 1316 1732 cybale
1341 1692 1426 1724 BG:
1460 1693 1557 1724 uerba
1584 1698 1663 1734 post

324 1738 417 1768 socos
433 1748 499 1769 om.
519 1736 549 1767 S
673 1737 896 1767 mundeuerat
920 1737 954 1766 P
1100 1746 1139 1775 51
1171 1737 1267 1767 testis
1289 1747 1376 1776 quae
1392 1735 1425 1766 B
1544 1737 1658 1776 ignem

324 1779 352 1810 G
449 1791 490 1820 52
514 1781 645 1820 peragit
658 1780 711 1810 uel
728 1786 896 1819 peragunt
912 1783 934 1809 Γ
949 1791 954 1811 ;
981 1784 1151 1819 peragunt
1171 1780 1198 1810 G
1266 1785 1428 1819 uastaque
1446 1779 1479 1810 P
1554 1781 1659 1820 partis

323 1823 435 1856 Fcat.
468 1824 565 1864 Trag.
792 1833 834 1862 53
870 1823 1020 1863 Symilus
1052 1823 1103 1853 B:
1146 1823 1283 1854 Similus
1317 1822 1468 1853 MEPG:
1510 1823 1659 1855 Simulus

322 1867 384 1898 Fr
398 1867 468 1898 Cat.
671 1868 714 1906 56
747 1867 892 1897 carnalia
919 1872 972 1907 pr.
1004 1866 1045 1896 M
1250 1877 1289 1906 57
1326 1867 1492 1898 uocabant
1519 1873 1571 1908 pr.
1588 1868 1650 1898 Cat

322 1912 365 1949 58
388 1911 519 1952 sparto]
548 1921 651 1951 parco
676 1911 749 1943 GP:
775 1920 894 1949 sparco
922 1910 991 1941 Cat.
1097 1921 1139 1950 59
1163 1911 1289 1941 astricti
1311 1910 1408 1941 MFG
1421 1910 1516 1942 Cat.:
1548 1911 1657 1942 asticti

322 1958 344 1984 Γ
496 1955 668 1994 pendebat
685 1954 785 1985 fassis
801 1953 870 1985 Cat.
1022 1955 1115 1984 aneti
1129 1954 1202 1984 MP
1212 1954 1279 1984 Cat.
1293 1958 1315 1984 Γ
1457 1956 1500 1985 60
1524 1955 1614 1986 aeris
1631 1954 1663 1984 Β

322 1998 429 2037 (quod
445 1999 596 2029 recentior
608 2008 733 2028 manus
749 1998 782 2028 in
800 1998 901 2028 heros
916 1997 1059 2037 refinxit)
1073 1996 1136 2027 SE
1148 2010 1154 2029 ε
1179 1998 1246 2028 eris
1262 1998 1295 2028 F
1298 2001 1332 2031 Γ,
1344 2002 1375 2028 et
1387 2003 1548 2038 suprascr.
1566 2009 1597 2038 ο,
1618 1998 1657 2028 V:

320 2051 420 2072 aeros
446 2042 495 2072 P:
521 2042 623 2072 heros
641 2041 711 2072 MG
733 2041 828 2081 Trag.
849 2042 918 2072 Cat.
937 2052 944 2071 :
969 2051 1045 2071 eros
1062 2040 1105 2071 d:
1130 2041 1283 2072 dissentit
1306 2041 1344 2072 de
1367 2042 1426 2072 lzoc
1451 2041 1516 2071 loco
1544 2041 1660 2081 Hemy

321 2084 563 2116 Aeneideormn
583 2085 607 2116 I.
627 2095 687 2125 491
706 2097 713 2116 ε
746 2085 860 2115 herbis
878 2084 975 2115 Ribb.
1084 2095 1116 2116 n.
1135 2085 1290 2125 spurium
1308 2086 1374 2116 rati
1386 2088 1466 2115 sunt
1482 2085 1616 2115 Ribbeck
1632 2089 1661 2115 e!

321 2128 465 2158 Karsten
591 2130 629 2159 61
657 2128 791 2169 casulae
807 2128 839 2158 Β
955 2129 997 2158 62
1022 2128 1131 2159 culmo
1147 2127 1260 2168 Heyne
1362 2128 1520 2158 redimita
1541 2127 1658 2159 VBGr

323 2172 394 2203 Cat.
420 2172 515 2213 Trag.
537 2172 581 2203 d:
609 2172 762 2203 rediuiua
778 2170 982 2202 MPEFSlz:
1006 2171 1039 2201 in
1066 2171 1095 2202 G
1119 2177 1223 2212 supra
1250 2171 1404 2202 redimita
1431 2172 1588 2213 scm'plmn
1615 2175 1663 2202 est

320 2216 341 2246 i.
361 2217 479 2246 iterum
498 2221 531 2247 et
548 2216 667 2246 iterum
685 2215 846 2255 umentia,
867 2214 954 2246 unde
977 2214 1133 2246 uidentur
1147 2215 1331 2255 antiquitus
1346 2215 1499 2255 confusae
1515 2215 1660 2246 lectiones

320 2260 475 2290 redimita
493 2260 646 2290 rediuiua
670 2263 698 2289 el
717 2258 882 2289 interdum
910 2259 944 2289 in
968 2258 1080 2289 eodem
1104 2265 1257 2298 utraeque
1271 2258 1371 2289 codice
1385 2262 1537 2296 exarame
1549 2259 1659 2298 fuisse

319 2337 477 2367 harundo
500 2335 717 2366 BFPSGM:
737 2302 884 2366 harundo
915 2335 939 2366 d
1143 2337 1184 2373 64
1217 2335 1313 2366 derat
1344 2334 1460 2365 BEP:
1500 2335 1595 2365 deret
1629 2335 1663 2365 F

319 2379 415 2420 usus]
451 2380 554 2410 edsus
578 2385 631 2420 pr.
667 2379 875 2410 Monacensis
906 2380 1034 2417 21562:
1074 2389 1157 2409 num
1191 2381 1290 2410 esus?
1466 2380 1508 2417 65
1542 2378 1655 2420 plura]

319 2423 423 2453 multa
456 2423 525 2453 Cal.
545 2423 597 2453 Vd
610 2423 707 2463 Trag.
902 2424 946 2453 66
969 2432 1031 2452 nec
1060 2427 1214 2461 sumptus
1246 2426 1317 2452 erat
1351 2421 1438 2452 ullus
1471 2422 1588 2461 (ullius
1605 2422 1654 2459 M,

318 2467 419 2497 huius
431 2470 608 2507 (suprascr.
634 2467 730 2507 illud)
759 2467 886 2498 Canon.
912 2466 1079 2507 lesc541,
1107 2466 1189 2496 illud
1212 2465 1311 2505 Trag.
1336 2466 1433 2496 Harl.
1461 2475 1543 2504 2701
1571 2475 1652 2496 saec.
