1820 2802
334 151 709 192 CATALEPTON

957 330 1017 368 XI

329 415 431 466 Quis
460 417 570 463 deus,
601 413 757 462 Octaui,
789 421 827 453 te
857 413 972 453 nobis
1001 414 1191 454 abstulit?
1228 428 1278 454 an
1308 427 1410 466 quae

382 481 532 529 dicunt,
562 494 596 528 a,
628 479 752 519 nimio
781 481 924 531 pocula
953 481 1051 519 dura
1081 482 1222 519 mero?

331 546 574 593 ‘uobiscum
592 532 638 584 ‘si
668 552 726 584 est
755 546 882 596 culpa,
914 545 1008 584 bibi.
1066 558 1137 584 sua
1166 558 1366 596 quemque
1395 551 1612 597 sequuntur

383 612 483 650 fata:
523 610 619 661 quid
648 609 832 649 immeriti
862 609 1011 650 crimen
1040 610 1189 649 habent
1218 609 1401 663 cyathi?

332 676 474 727 scripta
504 675 666 726 quidem
696 682 763 714 tua
792 688 864 715 nos
896 677 1064 715 multum
1095 675 1325 714 mirabimur
1354 682 1391 713 et
1420 681 1459 714 te
1640 691 1656 724 5

382 748 538 792 raptum
568 747 606 780 et
637 741 863 779 Romanam
893 740 1075 779 flebimus
1105 739 1319 787 historiam,
1348 792 1356 797 μ
1411 790 1423 797 .‚

329 807 399 846 sed
429 812 470 845 tu
500 806 630 844 nullus
660 804 744 844 eris.
804 805 976 855 peruersi
1005 804 1125 844 dicite
1154 817 1300 851 manes,

383 872 490 910 hunc
519 883 723 921 superesse
752 870 852 921 patri
882 883 984 921 quae
1013 869 1085 909 fuit
1116 869 1298 909 inuidia?

376 980 439 1012 XI.
462 980 570 1023 Angla.
590 979 630 1012 P.
649 979 725 1013 VII.
745 989 806 1019 725
825 979 1066 1012 Stadtmueller

506 1039 604 1079 Αἴνιε,
628 1039 680 1072 καὶ
704 1039 743 1071 σὺ
766 1040 828 1080 ’γὰρ
852 1038 921 1080 ὧδε,
948 1040 1157 1081 Μενέκρατες,
1184 1040 1241 1071 οὐκ
1266 1039 1314 1071 ἐπὶ
1339 1039 1441 1070 πουλὺ

551 1083 642 1123 ἦσθα.
690 1083 722 1114 τί
745 1094 792 1121 σε,
818 1083 927 1123 ξείνων
950 1085 1070 1124 λῷστε,
1094 1082 1351 1124 κατειργάσατο;

503 1126 525 1167 ἦ
549 1129 588 1167 ῥα
612 1126 651 1158 τὸ
675 1125 729 1158 καὶ
753 1127 959 1167 Κένταυρον;
991 1131 1025 1159 Β.
1053 1127 1070 1158 ὅ
1094 1138 1145 1165 μοι
1169 1126 1367 1167 πεπρωμένος
1390 1126 1486 1158 ὕπνος

547 1169 660 1210 ἦλθεν·
682 1171 699 1202 ὂ
724 1170 756 1202 δὲ
781 1170 912 1210 τλήμων
936 1169 1018 1202 οἶνος
1041 1170 1107 1210 ἔχει
1131 1170 1298 1210 πρόφασιν.

375 1263 437 1296 XI.
465 1262 522 1295 Sic
539 1262 715 1294 ordinabat
736 1262 902 1303 Scaliger:
938 1273 965 1302 1,
993 1273 1022 1302 2,
1049 1265 1122 1303 5-6‚
1152 1264 1225 1303 7-8‚
1251 1273 1325 1302 3—4‚
1352 1273 1409 1294 uu.
1437 1264 1510 1302 7-8‚
1528 1273 1560 1303 3,
1579 1274 1599 1302 4
1618 1264 1664 1294 sic

329 1307 485 1339 scribebat
497 1307 652 1346 peruersi
674 1307 774 1338 dicite
797 1316 914 1339 manes
939 1307 1028 1338 hunc
1051 1316 1231 1346 superesse
1249 1307 1335 1346 patri
1351 1307 1442 1346 quod
1458 1306 1519 1338 fuit
1535 1307 1660 1338 inuidia

331 1351 451 1382 uobis:
475 1350 503 1382 si
520 1350 618 1390 culpa
635 1355 688 1382 est
703 1350 788 1390 bilis,
808 1360 834 1381 s.
853 1360 885 1390 q.
905 1360 931 1381 s.
948 1350 1026 1390 fata,
1046 1350 1125 1390 quid
1143 1350 1162 1381 i.
1183 1360 1210 1381 c.
1229 1350 1261 1381 h.
1282 1350 1419 1390 cyathi?

378 1404 392 1424 1
420 1393 542 1425 Octaui
558 1394 591 1425 B
607 1405 614 1424 ι
637 1393 765 1434 optauit
781 1394 869 1424 Aru
884 1392 1020 1424 MMed.
1083 1403 1192 1433 anque
1208 1393 1282 1424 ΒΜ
1391 1403 1411 1424 2
1435 1393 1550 1425 dicunt
1565 1393 1659 1425 BM:

331 1438 489 1469 dicuntur
501 1437 557 1468 Ar
569 1436 656 1468 Med.
735 1436 837 1467 animi
853 1436 904 1467 B:
927 1437 1040 1467 animo
1053 1436 1159 1467 MAr
1170 1436 1256 1468 Med.
1276 1448 1282 1467 :
1308 1447 1327 1467 a
1339 1436 1443 1468 nimio
1461 1447 1482 1467 u
1560 1437 1660 1469 ducta

331 1481 513 1512 Heinsius:
546 1481 618 1512 dira
644 1479 844 1521 Oudendorp
874 1483 902 1510 et
926 1480 1043 1519 Hemgy
1072 1479 1312 1511 Aeneideorum
1345 1479 1369 1512 I.
1397 1480 1484 1520 583:
1503 1480 1588 1520 fort.
1616 1491 1659 1512 an

331 1534 418 1564 quae
442 1524 576 1556 dicunt?
607 1534 649 1555 an
674 1523 776 1554 nimio
799 1533 831 1562 p.
848 1524 880 1554 d.
900 1525 967 1555 m.2
990 1533 1071 1554 nam
1091 1533 1177 1562 quae
1200 1523 1313 1554 dicunt
1336 1523 1383 1555 ad
1402 1525 1530 1555 amoris
1547 1525 1662 1564 potius

332 1567 511 1607 infamiam
535 1566 738 1607 referendum
770 1566 903 1598 uidetur
1004 1576 1024 1605 3
1048 1566 1221 1598 uobiscum
1245 1566 1341 1605 (nob.
1368 1566 1426 1608 M)
1449 1567 1477 1598 si
1504 1566 1567 1607 (sic
1589 1567 1657 1608 Ar)

332 1616 385 1642 est
409 1610 576 1651 culpabile
602 1610 653 1651 <-li
677 1609 793 1649 MAr,
813 1609 869 1641 -lis
893 1610 930 1650 u)
957 1609 1032 1640 ΒΜ
1052 1610 1165 1642 Aru:
1205 1610 1391 1649 uobiscum,
1415 1610 1443 1641 si
1467 1615 1519 1641 est
1547 1610 1657 1650 culpa,

332 1654 400 1684 bibi
417 1653 545 1694 Haupt,
568 1653 685 1694 Opusc.
704 1653 747 1684 11.
767 1653 829 1692 146
842 1653 904 1693 ubi,
919 1657 1096 1694 praeeunte
1111 1653 1261 1684 Dobraeo
1273 1653 1418 1686 Aduers.
1438 1653 1482 1685 ΙΙ.
1502 1665 1532 1694 9,
1552 1655 1661 1694 exepi-

327 1700 517 1738 grammate
536 1696 655 1727 Graeco
664 1695 708 1727 A.
720 1696 759 1726 P.
775 1696 852 1727 VII.
873 1706 913 1736 72
917 1704 947 1735 5,
966 1696 1054 1727 docet
1067 1707 1124 1728 uu.
1141 1707 1172 1736 3,
1186 1707 1205 1735 4
1219 1696 1440 1737 respondentis
1451 1707 1519 1728 esse
1531 1697 1663 1728 Octauii

332 1740 450 1772 mortis
466 1741 494 1771 si
511 1740 610 1780 culpa
630 1744 682 1770 est
702 1739 779 1770 bilis
795 1740 851 1770 Fr.
868 1740 979 1770 Jacobs
1033 1739 1105 1780 Ego
1128 1741 1174 1770 sic
1194 1739 1374 1771 scribendos
1397 1751 1469 1771 reor
1487 1740 1659 1771 uobiscum

332 1783 361 1814 si
383 1788 435 1815 est
460 1783 566 1823 culpa,
583 1783 656 1822 uiri,
676 1793 735 1814 sua
758 1793 927 1822 quemque
950 1788 1113 1814 secuntur
1135 1783 1213 1823 sata,
1234 1783 1314 1823 quid
1336 1787 1409 1814 κτλ.
1431 1784 1462 1815 Ιι.
1480 1793 1503 1814 e.
1528 1783 1559 1814 si
1573 1793 1660 1814 com-

333 1827 447 1857 munis
471 1827 556 1857 mihi
576 1826 744 1857 uobiscum
765 1830 812 1857 est
830 1827 932 1867 culpa,
954 1836 972 1856 ο
997 1827 1066 1857 uiri
1078 1826 1135 1867 (sc.
1151 1837 1189 1857 ex
1210 1836 1324 1857 amore
1343 1826 1456 1866 aliquo
1471 1827 1659 1867 contracta),

332 1870 363 1900 si
390 1880 451 1901 suo
478 1869 614 1910 quisque
633 1869 712 1908 fato
742 1869 901 1900 obnoxius
930 1873 985 1908 est,
1018 1869 1100 1909 quid
1127 1870 1291 1900 immerito
1321 1880 1455 1901 accusor
1482 1874 1659 1909 tamquam

333 1914 460 1944 nimius
482 1913 558 1943 uini
571 1913 722 1953 perierim
735 1914 753 1943 ?
936 1923 956 1951 4
988 1912 1054 1943 sata
1077 1912 1134 1943 Ar
1158 1912 1268 1944 Med.:
1304 1913 1392 1943 facta
1412 1912 1486 1943 ΒΜ
1507 1923 1529 1943 u
1638 1921 1659 1952 5

332 1955 413 1986 Post
436 1956 570 1995 quidem
597 1955 728 1987 uidetur
746 1965 881 1986 erasum
904 1960 938 1986 et
962 1956 996 1986 in
1018 1955 1052 1986 Β
1222 1966 1239 1995 7
1264 1960 1316 1987 set
1339 1956 1488 1987 tuinulus
1511 1956 1562 1989 B:
1597 1957 1659 1987 sed

332 2004 367 2029 tu
395 1999 508 2030 nullus
531 1998 688 2029 MAru·
720 1999 781 2029 sed
805 2003 839 2029 tu
862 2003 973 2030 mutus
993 1998 1159 2030 Baehrens
1320 2000 1340 2029 8
1363 1999 1454 2030 hunc
1477 1999 1533 2030 B.
1526 2010 1534 2017 ·
1568 2009 1658 2030 nunc

334 2041 472 2072 MAru
555 2052 618 2081 que
635 2041 687 2073 B:
712 2042 802 2081 quod
819 2042 861 2072 M
873 2042 931 2072 Ar
945 2040 1056 2073 Meda
1081 2047 1161 2081 quot
1178 2053 1211 2074 u.
1241 2042 1324 2072 Post
1338 2042 1428 2074 hunc
1441 2053 1472 2074 u.
1491 2042 1660 2073 Baehrens
1676 2037 1680 2040 λ

335 2086 499 2116 reuocamt
523 2096 640 2116 uersus
665 2089 825 2125 quattuor
846 2085 976 2116 Callide
1001 2095 1097 2124 mage
1117 2086 1178 2117 sub
1195 2086 1259 2117 hec
1276 2085 1340 2117 celi
1357 2090 1409 2118 est
1426 2085 1546 2117 iniuria
1563 2085 1656 2125 secli,

334 2139 389 2169 qm
406 2129 440 2159 in
457 2128 615 2160 codzcibus
627 2134 688 2169 pos
673 2133 704 2159 st
720 2128 818 2159 XIII.
842 2130 880 2159 16
896 2129 1052 2169 leguntur
1254 2143 1260 2147 ·
