1820 2802
286 157 464 194 DIRAE

282 268 389 307 unde
419 269 551 318 elapsa
580 280 690 306 meos
719 279 832 316 agros
862 266 1082 315 peruenerit
1104 267 1221 305 unda.

282 334 453 383 piscetur
481 332 623 372 nostris
653 333 693 370 in
723 331 868 370 finibus
888 331 1044 370 aduena
1072 338 1210 379 arator,
1577 338 1622 367 80

283 398 440 436 aduena
468 398 574 436 ciuili
604 398 671 447 qui
702 408 856 446 semper
885 395 1049 434 crimine
1078 397 1210 434 creuit.
1300 358 1376 433 s

339 463 375 501 O
406 463 508 500 male
538 462 684 508 deuoti,
718 468 941 510 praetorum
971 459 1145 507 crimina,
1177 460 1316 510 agelli!

284 534 407 576 tuque
437 527 596 564 inimica
625 525 678 575 pii
709 537 863 575 semper
892 525 1090 563 discordia
1120 524 1228 563 ciuis.

285 593 393 630 exsul
423 603 495 641 ego
525 591 778 629 indemnatus
808 602 926 640 egens
957 601 1044 628 mea
1074 601 1160 627 rura
1189 589 1339 639 reliqui,

286 657 397 694 miles
419 663 461 694 ut
490 654 657 705 accipiat
686 653 831 692 funesti
860 655 1034 703 praemia
1064 653 1167 692 belli.
1580 660 1620 699 85

285 720 378 758 hinc
408 732 480 770 ego
510 720 561 757 de
590 719 744 756 tumulo
774 730 862 756 mea
891 729 978 756 rura
1007 718 1224 756 nouissima
1252 716 1390 764 uisam,

286 784 379 823 hinc
409 784 476 822 ibo
506 784 545 822 in
576 783 718 821 siluas:
756 782 973 821 obstabunt
1002 782 1080 820 iam
1110 781 1207 820 mihi
1235 782 1367 829 colles,

286 849 504 888 obstabunt
533 853 700 886 montes.
761 858 924 897 campos
953 846 1090 885 audire
1118 845 1253 885 licebit

290 914 443 952 ‘dulcia
472 925 560 952 rura
588 913 728 958 ualete,
761 918 799 950 et
830 910 955 961 Lydia
984 910 1136 949 dulcior
1165 910 1251 958 illis,

286 986 324 1018 et
354 977 451 1017 casti
480 979 620 1024 fontes,
653 983 691 1015 et
720 977 811 1015 felix
840 987 988 1015 nomen
1017 974 1155 1025 agelli.’
1582 991 1625 1023 90

341 1042 511 1081 Tardius
540 1054 563 1080 a
592 1042 756 1080 miserae
785 1041 1016 1080 descendite
1045 1046 1181 1078 monte
1210 1041 1408 1091 capellae:

289 1108 423 1148 mollia
451 1119 533 1147 non
563 1108 705 1146 iterum
734 1107 900 1157 carpetis
930 1106 1075 1156 pabula
1104 1112 1198 1144 nota
1213 1120 1224 1153 ,-

288 1182 410 1223 tuque
440 1173 575 1212 resiste
605 1179 727 1222 pater.
785 1175 853 1211 †et
883 1170 1009 1221 prima
1037 1169 1254 1209 nouissima
1284 1170 1432 1211 nobis†

289 1239 444 1277 intueor
474 1250 635 1288 campos
665 1238 853 1287 longum:
893 1242 1026 1274 manet
1056 1248 1141 1274 esse
1172 1236 1256 1274 sine
1285 1234 1370 1273 illis.

290 1317 377 1343 rura
406 1305 536 1343 ualete
565 1303 718 1350 iterum,
750 1310 873 1352 tuque
903 1301 1053 1352 optima
1083 1300 1207 1351 Lydia
1237 1302 1356 1348 salue,
1583 1316 1625 1348 95

289 1370 373 1409 siue
403 1368 487 1416 eris,
520 1376 558 1407 et
588 1368 619 1406 si
648 1381 741 1414 non,
774 1379 931 1406 mecum
961 1365 1147 1412 morieris,
1180 1373 1402 1416 utrumque.

336 1484 377 1513 79
400 1473 489 1505 unde
513 1472 640 1513 (undae
667 1471 710 1508 B,
738 1472 826 1512 unde
853 1468 902 1510 Ε)
927 1470 1023 1510 lapsa
1050 1469 1181 1509 (elapsa
1213 1468 1261 1506 T)
1286 1479 1380 1500 meos
1409 1469 1560 1508 (lapseos
1583 1467 1626 1508 S)

291 1517 380 1549 codd.
399 1528 406 1547 :
433 1525 524 1547 meas
542 1514 749 1546 Monacensis
766 1516 825 1545 261
841 1525 848 1546 ε
876 1524 961 1544 num
985 1515 1126 1544 means?
1248 1513 1367 1552 illapsa
1383 1511 1501 1543 Heius.
1519 1523 1526 1542 :
1550 1522 1627 1542 cum

292 1561 430 1600 delapsa
448 1559 663 1589 Reitzenstein
685 1568 762 1589 cnm
784 1557 988 1598 sequentibus
1005 1557 1154 1598 iungens.
1202 1555 1342 1587 Versum
1361 1559 1437 1596 post
1456 1557 1498 1595 65
1519 1559 1628 1586 trans-

287 1604 430 1645 ponebat
441 1603 578 1633 Ribbeck
739 1602 782 1632 80
805 1604 966 1641 pascetur
981 1599 1010 1631 S
1175 1600 1213 1629 81
1241 1599 1381 1630 crimina
1396 1598 1427 1629 S
1586 1600 1628 1629 82

292 1652 488 1687 praetorum
525 1645 779 1676 Mediolanensis
812 1644 851 1675 O.
872 1654 911 1683 74
929 1649 1024 1684 sup.:
1065 1647 1237 1682 pratorum
1269 1642 1403 1674 BHva
1434 1642 1629 1674 Rothstein:

294 1699 471 1730 parcarum
501 1689 549 1720 T:
579 1693 750 1728 raptorum
775 1687 942 1728 Scaliger:
970 1696 1152 1725 prauorum
1175 1686 1220 1717 ed.
1249 1686 1377 1717 Zeu-otti
1394 1687 1499 1724 1482:
1532 1695 1628 1724 prae·

294 1735 417 1764 donum
450 1732 611 1763 Heinsius
735 1731 873 1762 crimina
903 1730 1099 1761 BFnSTv:
1132 1729 1274 1760 crimine
1291 1730 1309 1760 b
1337 1729 1466 1761 Canal:
1501 1729 1629 1760 crimen

293 1777 455 1808 Heinsius
544 1780 716 1815 pastorum
746 1775 894 1806 carmine
923 1773 1022 1804 Kroll
1151 1773 1193 1811 83
1219 1773 1264 1812 pii
1286 1772 1419 1813 scm‘psi:
1447 1772 1494 1802 tui
1514 1771 1629 1804 codd.:

294 1821 359 1852 tuis
376 1820 557 1851 Rotlistcin.
580 1822 655 1858 post
671 1818 840 1849 discordia
857 1819 1092 1857 inteipitngens
1239 1817 1279 1854 84
1307 1816 1333 1845 E
1357 1816 1479 1846 initiali
1503 1826 1630 1855 magna

294 1864 408 1894 BFP:
433 1863 533 1893 exule
555 1873 632 1901 gom
650 1862 853 1900 dampnatus
870 1861 921 1891 P:
946 1861 980 1890 in
997 1861 1174 1890 damnatus
1190 1871 1206 1889 υ
1325 1860 1368 1889 86
1392 1857 1577 1889 nouissima
1599 1858 1632 1888 Β

296 1919 340 1938 m.
355 1913 407 1947 pr.
496 1907 602 1936 uisam
620 1916 684 1936 om.
703 1904 732 1935 S
842 1905 882 1943 87
903 1907 980 1943 post
995 1904 1096 1933 siluas
1113 1902 1142 1932 S
1158 1913 1222 1933 om.
1241 1906 1338 1932 cetera
1450 1902 1493 1932 88
1517 1913 1581 1933 om.
1602 1901 1632 1932 S

295 1950 389 1981 adire
412 1950 433 1980 h
452 1961 458 1980 :
491 1949 580 1979 haud
606 1949 654 1978 ire
678 1947 798 1988 Haupt
906 1948 949 1986 89
975 1946 1004 1976 D
1028 1946 1149 1977 initiali
1170 1956 1295 1986 magna
1313 1945 1408 1976 BFP
1519 1945 1598 1975 libia
1616 1957 1633 1975 υ

295 2004 338 2033 93
363 1998 486 2032 tuquae
515 1992 564 2023 E:
601 1995 628 2022 et
654 1992 700 2022 sic
730 1995 767 2021 ut
793 1990 923 2021 uidetur
945 1989 974 2020 S
1000 1992 1050 2029 <tu
1078 2000 1203 2028 quaere
1234 1989 1356 2029 siste):
1391 1994 1426 2019 tu
1453 1998 1587 2028 quoque
1615 2001 1632 2018 υ

297 2042 393 2077 pater
409 2036 502 2068 codd.
519 2046 526 2066 :
552 2045 653 2075 caper
669 2033 832 2064 Heinsius
907 2033 1003 2064 nobis
1020 2044 1083 2063 om.
1102 2033 1138 2062 vb
1211 2033 1294 2063 haec
1312 2032 1428 2072 prima,
1449 2032 1632 2062 nouissima

297 2080 394 2111 nobis
423 2079 582 2119 Vergilius
605 2077 693 2108 Aldi
716 2077 839 2116 (Naelee
857 2082 911 2117 pp.
940 2087 1010 2116 129,
1038 2078 1130 2115 413&
1153 2076 1287 2107 Canal:
1326 2086 1368 2106 en
1394 2076 1511 2115 prima,
1538 2086 1568 2106 n.
1598 2086 1630 2106 n.

296 2123 343 2155 ed.
363 2123 523 2163 Antverp.
545 2123 638 2161 1556,
664 2120 806 2152 Seiana:
834 2131 916 2151 num
939 2131 979 2150 ea
1005 2120 1162 2158 thymbra
1188 2130 1219 2149 n.
1239 2119 1357 2150 uobis?
1382 2129 1426 2149 an
1451 2119 1574 2149 rimare
1600 2130 1631 2150 n.

298 2166 414 2197 uobis?
578 2176 620 2204 94
639 2168 716 2205 post
729 2174 865 2203 campos
883 2163 1128 2204 intezpungebat
1140 2162 1311 2193 Rotlistein
1428 2166 1540 2192 manet
1557 2172 1633 2192 esse

297 2212 373 2241 sine
390 2209 454 2240 illis
472 2208 518 2240 T:
543 2219 584 2239 m.
605 2218 698 2238 esses
723 2208 755 2237 in
781 2208 846 2238 illis
865 2207 950 2238 Bn:
974 2217 1018 2238 m.
1041 2211 1133 2237 estus
1157 2206 1190 2236 in
1209 2206 1228 2237 i.
1248 2206 1285 2236 ub
1303 2217 1309 2236 z
1334 2216 1374 2236 m.
1400 2206 1493 2236 ensis
1513 2206 1546 2235 in
1572 2206 1636 2236 illis

301 2263 410 2292 marg.
437 2253 537 2283 obses
571 2251 700 2282 Mediol.
735 2262 810 2281 cum
838 2250 1034 2281 Vossianol
1057 2249 1194 2281 Naekiz':
1232 2259 1332 2279 mene
1362 2259 1438 2280 esse
1465 2249 1541 2279 sine
1567 2249 1633 2279 illis

300 2296 469 2326 Baehrens
572 2304 614 2334 95
641 2295 668 2325 R
689 2294 809 2325 initiali
820 2305 945 2333 magna
957 2293 1049 2323 BFP
1112 2293 1195 2324 Post
1209 2302 1251 2332 95
1269 2297 1297 2323 et
1308 2293 1351 2332 96
1367 2293 1504 2323 lacunas
1519 2292 1637 2323 statuit

301 2340 439 2370 Ribbeck
532 2340 586 2388 ,96
609 2338 637 2368 si
653 2348 719 2368 om.
737 2337 766 2368 S
878 2347 956 2367 nom
974 2347 1103 2367 mecum
1120 2336 1152 2366 E
1260 2336 1334 2367 siue
1358 2336 1438 2374 eris,
1455 2341 1489 2367 et
1509 2336 1537 2366 si
1565 2346 1631 2366 non

302 2394 375 2414 mea
394 2382 634 2419 commorieris,
653 2386 830 2420 utrumque
847 2391 903 2421 ego
919 2381 997 2411 olim
