1820 2802
322 128 627 167 MAECENAS

321 233 423 271 ualle
453 232 526 270 sub
558 232 679 270 Idaea
708 238 792 269 tum
823 238 871 278 te,
904 232 1075 269 formose
1105 232 1299 278 sacerdos,

373 297 525 336 inuenit
554 304 592 335 et
621 309 755 347 presso
785 295 953 334 molliter
982 309 1112 346 ungue
1141 296 1250 346 rapit.

321 358 376 398 sic
406 366 475 398 est.
533 358 659 397 uictor
687 365 804 404 amet,
835 357 962 396 uictor
991 357 1163 408 potiatur
1191 357 1232 395 in
1262 357 1412 404 umbra,

374 420 501 460 uictor
530 421 695 460 odorata
723 419 893 458 dormiat
922 419 1042 470 inque
1071 433 1169 458 rosa.

320 485 448 525 uictus
477 492 559 524 aret
587 484 796 535 uictusque
826 491 958 531 metat,
991 492 1118 523 metus
1148 484 1314 535 imperet
1343 484 1408 531 illi,
1610 499 1653 533 95

374 551 552 590 membra
581 564 655 590 nee
684 550 725 588 in
755 557 873 589 strata
903 557 1074 589 sternere
1105 550 1231 589 discat
1259 552 1394 589 humo.

319 624 498 667 tempora
526 614 758 666 dispensant
787 628 880 654 usus
910 622 948 654 et
977 622 1157 666 tempora
1185 616 1314 653 cultus
1330 630 1341 663 3

374 682 473 719 haec
503 679 696 727 homines,
729 681 916 730 pecudes,
948 681 1046 719 haec
1076 681 1331 719 moderantur
1359 679 1455 718 auis.

318 747 384 784 lux
413 752 482 793 est,
514 752 647 784 taurus
676 752 758 783 arat
775 759 786 793 3
832 757 911 783 nox
940 752 1009 791 est,
1041 744 1274 795 requiescit3
1321 752 1449 783 arator

371 810 510 850 liberat
540 809 705 849 emerito
734 809 885 849 feruida
915 810 1016 848 colla
1044 809 1150 848 boui.
1595 825 1656 846 100

318 874 614 926 conglaciantur
642 888 782 925 aquae,
812 874 985 925 seopulis
1016 887 1057 913 se
1087 873 1224 913 condit
1253 873 1424 913 hirundo
1439 888 1449 922 3

372 940 553 980 uerberat
582 939 757 990 egelidos
786 940 939 990 garrula
968 953 1060 978 uere
1089 940 1207 978 lacus.

320 1006 466 1045 Caesar
494 1004 646 1044 amicus
677 1012 758 1043 erat
775 1019 785 1053 3
833 1011 986 1055 poterat
1016 1003 1160 1043 uixisse
1190 1005 1328 1051 solute,

372 1082 463 1109 curn
494 1069 572 1108 iam
602 1070 748 1109 Caesar
776 1068 899 1116 idem,
928 1069 1037 1119 quod
1067 1068 1265 1119 cupiebat,
1297 1076 1387 1107 erat.

318 1134 481 1174 indulsit
510 1133 661 1173 merito.
721 1147 801 1173 non
832 1141 890 1172 est
920 1133 1147 1172 temerarius
1177 1133 1252 1172 ille.
1595 1150 1655 1180 105

372 1199 551 1239 uicimus.
609 1201 790 1249 Augusto
820 1198 949 1237 iudice
979 1198 1121 1249 dignus
1150 1207 1241 1237 erat.

317 1267 424 1316 Argo
453 1278 544 1305 saxa
573 1278 723 1316 pauens
751 1272 961 1316 postquam
992 1264 1158 1314 Scylleia
1186 1264 1278 1314 legit

373 1332 635 1381 Cyaneosque
665 1337 804 1377 metus,
836 1329 912 1368 iam
945 1329 1144 1380 religanda
1173 1329 1274 1375 ratis,

319 1396 469 1436 uiscera
498 1394 658 1435 dissecti
688 1402 908 1434 mutauerat
938 1394 1068 1433 arietis
1097 1406 1199 1444 agno

373 1461 518 1510 Aeetis,
551 1461 653 1500 sucis
684 1461 917 1511 omniperita
949 1459 1039 1499 suis.
1596 1476 1656 1498 110

360 1575 400 1606 91
429 1566 505 1597 dum
523 1565 641 1605 Βυφχ;
667 1570 736 1595 tum
754 1564 808 1595 uel
821 1575 894 1595 cum
912 1563 1073 1594 Heinsius
1205 1562 1384 1604 sacerdos]
1406 1563 1490 1602 fort.
1519 1562 1656 1594 satelles

318 1619 362 1649 93
385 1609 495 1641 uictor
522 1609 665 1640 alterum
683 1618 748 1639 om.
779 1620 795 1638 v
951 1607 1106 1647 pociatur
1131 1606 1187 1637 B:
1223 1611 1382 1646 poteatur
1408 1617 1455 1645 χι
1490 1606 1658 1645 spatietur

320 1652 471 1694 Scaliger
577 1662 619 1692 94
643 1652 781 1682 adorata
800 1663 822 1691 χ
912 1651 1056 1682 dormiet
1072 1663 1095 1690 χ
1199 1660 1241 1689 95
1266 1650 1375 1680 uictus
1391 1654 1463 1680 aret
1479 1650 1656 1689 uictusque

318 1697 404 1738 sslf
433 1701 536 1727 metat
560 1695 613 1728 B:
654 1696 816 1726 uictorem
850 1695 1028 1733 uictusque
1061 1698 1163 1725 metat
1193 1696 1335 1734 (mentat
1367 1693 1406 1732 x)
1439 1699 1489 1733 φχ
1507 1704 1514 1724 z
1553 1693 1656 1724 uicto-

322 1750 393 1771 rem
426 1740 534 1772 uictus
561 1743 687 1770 metuat
703 1751 720 1769 υ
842 1738 967 1779 metus]
997 1741 1131 1768 mentus
1158 1749 1180 1776 χ
1337 1738 1381 1776 96
1406 1737 1580 1768 instratam
1606 1747 1655 1775 χε

319 1785 443 1815 instata
460 1795 477 1814 υ
667 1792 806 1813 cernere
830 1788 872 1821 υφ
1027 1786 1162 1812 temere
1180 1779 1251 1811 (lein
1270 1789 1411 1811 cernere
1428 1791 1450 1819 χ
1612 1789 1652 1819 97

319 1828 494 1867 dispensat
511 1838 534 1866 χ
550 1838 557 1858 t
582 1826 760 1865 dispenset
777 1832 801 1866 φ
947 1825 991 1864 98
1016 1835 1079 1856 nec
1098 1850 1104 1856 .
1121 1848 1129 1856 .
1149 1847 1156 1856 .
1177 1834 1239 1855 nec
1257 1836 1280 1864 χ
1438 1834 1482 1863 99
1507 1833 1574 1854 nox
1591 1834 1654 1863 vx:

320 1881 388 1902 non
417 1870 449 1901 Β
587 1869 790 1909 requiescit:
825 1873 941 1899 arator
965 1868 1185 1899 Met'bomius:
1209 1866 1393 1906 requiescit
1420 1871 1532 1898 arator
1559 1867 1652 1907 vulg.

322 1925 384 1946 100
408 1913 528 1944 liberat
544 1917 577 1943 et
593 1913 712 1944 merito
726 1913 782 1952 Βφ
799 1924 806 1944 :
834 1912 938 1943 libera
952 1917 986 1943 et
998 1911 1141 1942 emerito
1158 1923 1181 1951 χ
1196 1921 1203 1941 :
1229 1912 1350 1942 liberat
1363 1911 1505 1941 emerito
1515 1910 1651 1942 Ascens.

321 1967 401 1997 1507
423 1969 430 1988 :
448 1958 531 1997 fort.
552 1956 672 1987 liberet
765 1965 822 1987 101
850 1955 1016 1995 conglac(t
1033 1955 1216 1995 Ar)iantur
1231 1954 1264 1985 B
1280 1954 1352 1985 Ar:
1378 1954 1655 1992 conglutinantur

318 2008 385 2042 υφχ
491 2011 528 2031 se
545 2000 662 2031 condit
679 1999 767 2031 codd.
784 2003 916 2039 praeter
930 1999 980 2029 B:
998 1999 1086 2030 sedit
1104 1998 1135 2028 Β
1184 2026 1186 2028 .
1226 2008 1287 2028 102
1315 1997 1467 2036 egelidos
1484 1996 1652 2037 Scaliger:

318 2050 352 2075 et
369 2043 500 2083 gelidos
517 2043 604 2075 codd.
732 2042 911 2083 gassrrula
927 2042 968 2073 Β,
1016 2041 1098 2072 Post
1111 2042 1199 2072 hunc
1214 2052 1348 2072 uersum
1367 2041 1525 2071 lacunam
1541 2041 1656 2071 statuit

318 2088 454 2118 Ribbeck
589 2097 649 2125 104
674 2086 845 2118 cesarides
860 2092 884 2126 φ
901 2090 930 2117 et
944 2084 991 2117 ed.
1011 2085 1146 2116 Ascens.
1169 2094 1250 2124 1507
1383 2093 1443 2123 105
1467 2083 1599 2114 induxit
1630 2096 1653 2123 χ

318 2131 479 2162 indulsit:
505 2131 625 2161 merito
644 2129 843 2161 Meibonn'us
935 2139 995 2168 107
1020 2139 1102 2168 argo
1119 2128 1151 2159 Β
1166 2128 1223 2158 Αν
1238 2140 1244 2158 :
1269 2138 1351 2167 ergo
1368 2133 1435 2166 υφχ
1524 2137 1654 2166 pauens

317 2175 350 2205 Β
365 2174 438 2205 Ar:
464 2183 589 2214 parens
605 2180 673 2214 υφχ
849 2172 916 2210 sest
931 2172 1063 2213 ‹p)illeia
1079 2171 1135 2212 Βφ
1149 2183 1156 2203 :
1179 2171 1287 2202 silleia
1307 2183 1330 2210 χ
1347 2182 1354 2202 :
1380 2170 1555 2210 Scylaceia
1571 2170 1651 2209 legit

319 2218 499 2249 Heinsius:
525 2216 684 2257 Scyllaea
700 2216 821 2256 relegit
839 2216 1034 2247 Salmasius
1168 2216 1229 2245 108
1253 2214 1377 2255 metus]
1397 2215 1504 2244 fretus
1521 2212 1653 2253 Maehly

320 2266 410 2292 rates
428 2261 459 2292 B
639 2270 701 2300 109
725 2260 862 2291 dissecti
880 2271 897 2290 υ
913 2271 919 2290 ;
944 2259 1075 2290 disiecti
1093 2258 1125 2289 Β
1138 2258 1196 2289 Αν
1208 2264 1232 2298 φ
1247 2270 1254 2289 :
1279 2258 1416 2288 dasiecti
1434 2269 1456 2297 χ
1582 2267 1651 2287 mu-

318 2305 440 2335 tauerit
457 2303 499 2343 Β,
518 2309 628 2335 -uerat
645 2315 662 2334 υ
677 2303 751 2334 Ar:
779 2303 840 2334 —uit
856 2309 905 2343 φχ
995 2303 1110 2333 arietis
1125 2301 1203 2341 agni
1221 2301 1308 2335 codd.
1328 2313 1334 2332 :
1358 2311 1447 2340 agno
1458 2299 1537 2332 Ald.
1556 2309 1651 2340 1517:

309 2349 390 2388 sort,
418 2348 564 2378 dissecto
588 2351 780 2378 mutauerat
803 2347 908 2377 ariete
937 2346 970 2377 in
997 2346 1075 2385 agni
1104 2345 1275 2387 (uiscera).
1337 2342 1489 2385 Apollod.
1512 2343 1532 2374 i.
1553 2353 1575 2383 9
1583 2344 1647 2383 fin.

316 2390 406 2432 κριὸν
432 2389 594 2430 μελίσασα
625 2389 676 2421 καὶ
703 2389 914 2431 καθεψήσασα
941 2388 1091 2429 ἐποίησεν
1115 2388 1204 2429 ἄρνα.
1339 2398 1399 2419 110
1422 2387 1453 2418 A
1479 2389 1573 2428 ceses
1597 2386 1646 2419 B:
