1820 2802
321 147 472 186 CIRIS

320 270 471 306 uosque
500 257 602 294 adeo
632 257 827 294 humanos
858 261 1030 296 mutatae
1060 254 1233 305 corporis
1262 262 1382 302 artus,

318 333 390 359 uos
420 334 444 359 0
474 320 622 360 crudeli
652 322 821 359 fatorum
850 319 948 370 lege,
977 320 1132 369 puellae

320 385 547 433 Dauliades,
578 386 770 436 gaudete:
810 384 919 423 uenit
948 383 1148 423 carissima
1177 383 1291 423 uobis
1589 400 1653 422 200

318 458 506 501 cognatos
535 463 682 500 augens
712 463 820 503 reges
850 462 1139 499 numerumque
1168 462 1328 487 suorum

319 516 419 556 Ciris
449 523 487 554 et
516 516 599 566 ipse
628 523 748 566 pater.
811 528 883 553 uos
913 528 937 553 o
966 514 1229 565 pulcherrima
1258 515 1462 565 quondam

316 593 491 631 corpora,
523 582 721 619 caeruleas
749 579 984 630 praeuertite
1012 579 1052 617 in
1082 580 1240 618 aethera
1268 579 1405 625 nubes,

317 659 396 695 qua
425 659 553 684 nouus
582 647 633 683 ad
663 658 850 694 superum
879 646 993 683 sedes
1024 643 1213 682 haliaetos
1244 651 1282 682 et
1311 657 1389 693 qua

316 710 487 749 candida
516 722 727 748 concessos
755 710 944 747 ascendat
974 708 1074 748 Ciris
1104 710 1285 747 honores.
1589 723 1650 755 205

372 777 538 825 Iamque
567 776 669 813 adeo
699 773 805 812 dulci
835 773 1044 812 deuinctus
1074 773 1224 811 lumina
1253 786 1396 811 somno

317 840 437 878 Nisus
467 848 559 887 erat,
591 838 837 893 uigiQQque
866 840 1004 889 procul
1035 838 1216 877 custodia
1244 837 1379 894 primis

316 904 501 944 excubias
532 904 680 942 foribus
711 903 843 942 studio
873 903 1044 942 iactabat
1075 903 1194 950 inani,

316 984 407 1009 curn
437 970 569 1009 furtim
599 969 718 1008 tacito
748 970 996 1008 descendens
1026 969 1154 1018 Scylla
1184 968 1303 1006 cubili

315 1034 661 1092 auribus‘gtrrectis
691 1042 883 1073 nocturna
913 1033 1068 1072 silentia
1097 1040 1262 1084 temptat
1397 1046 1402 1051 ·
1589 1049 1649 1070 210

314 1109 353 1140 et
382 1100 524 1153 pressis
554 1108 714 1139 tenuem
745 1099 980 1152 singultibus
1009 1113 1099 1138 aera
1127 1106 1268 1149 captat.
1305 1118 1307 1121 ·

316 1174 398 1204 tum
430 1179 619 1216 suspensa
649 1167 785 1204 leuans
809 1152 945 1215 'digitis
975 1164 1139 1214 uestigia
1169 1163 1302 1214 primis

314 1230 559 1282 progreditur
588 1231 768 1280 ferroque
798 1242 938 1268 manus
967 1236 1115 1268 armata
1146 1228 1297 1271 bidenti

315 1298 470 1335 euolat:
508 1303 548 1334 at
577 1296 762 1351 demptass
792 1294 922 1333 subita
950 1294 991 1332 in
1020 1293 1231 1333 formidine
1261 1294 1386 1345 uires:

313 1363 512 1400 caeruleas
542 1374 612 1399 sua
641 1361 741 1398 furta
770 1359 876 1410 prius
906 1366 1069 1398 testatur
1097 1360 1148 1398 ad
1178 1359 1347 1398 umbras.
1586 1375 1646 1406 215

315 1440 406 1465 nam
437 1440 515 1476 qua
544 1440 585 1465 se
614 1427 665 1465 ad
695 1425 863 1479 patrium
894 1425 1083 1463 tendebat
1113 1424 1252 1463 semita
1283 1424 1414 1475 limen,

314 1492 512 1531 uestibulo
541 1491 581 1529 in
611 1490 772 1529 thalami
803 1492 964 1540 paulum
995 1496 1210 1528 remoratur
1239 1497 1277 1528 et
1306 1491 1384 1528 alte

863 1577 928 1608 208
953 1576 1018 1607 Ecl.
1040 1587 1069 1608 2.
1089 1586 1109 1616 5

361 1660 420 1699 198
445 1668 574 1697 uosque
593 1658 773 1697 (suprascr.
794 1659 846 1698 us)
865 1657 897 1686 A
916 1668 922 1687 ι
946 1667 1051 1696 usque
1072 1656 1106 1687 U
1213 1656 1378 1687 humanos
1395 1655 1489 1688 AR:
1512 1658 1648 1688 humani

319 1702 352 1733 U
447 1702 575 1732 imitate
594 1702 773 1741 (suprascr.
790 1700 932 1740 mutate)
951 1700 985 1730 A
1100 1710 1160 1739 199
1184 1700 1311 1730 crudeli
1333 1700 1413 1730 Ald.
1436 1710 1517 1740 1517
1536 1712 1543 1731 ε
1576 1712 1650 1732 cru-

315 1746 409 1776 deles
437 1745 526 1775 AR:
562 1745 708 1775 crudelis
738 1744 771 1774 U
908 1754 972 1774 200
996 1743 1141 1783 gaudete
1173 1742 1340 1783 Scalzgrer:
1374 1745 1510 1775 crudele
1542 1744 1653 1775 ARU

315 1789 412 1820 nobis
430 1789 463 1819 R
610 1798 671 1819 201
697 1798 851 1818 sororum
868 1787 1029 1818 Barlln'ns
1169 1797 1233 1817 202
1259 1787 1358 1826 Cyris
1375 1787 1444 1817 AR
1584 1798 1649 1828 203

315 1832 501 1872 preuertite
530 1831 576 1864 U:
612 1832 797 1871 peruertite
823 1830 880 1861 R:
905 1829 1087 1870 peruertite
1114 1831 1291 1870 (suprascr.
1318 1831 1393 1871 pre)
1422 1831 1455 1861 A
1583 1842 1647 1871 204

315 1877 479 1907 haliaetos
516 1875 631 1916 scripsi
665 1879 695 1906 et
730 1875 780 1905 ln'c
816 1878 845 1905 et
877 1875 951 1914 528,
982 1875 1059 1913 536,
1092 1874 1130 1912 cf.
1159 1873 1276 1914 Euris).
1313 1875 1364 1913 fr.
1401 1876 1467 1913 636
1498 1874 1647 1906 Nauck':

314 1920 499 1950 haliaeetus
532 1918 671 1949 Loensz's
699 1918 792 1949 VIII.
828 1919 894 1948 26:
928 1918 1099 1949 chalceius
1129 1917 1179 1948 U:
1212 1918 1380 1949 calcheius
1411 1917 1481 1948 AR
1614 1924 1647 1950 et

314 1974 332 1994 a
358 1974 425 2003 qua
454 1964 631 2003 (suprascr.
658 1967 691 1992 et
716 1964 797 2001 qua)
822 1962 856 1991 A
1006 1970 1068 2000 205
1093 1962 1254 1992 ascendat
1282 1962 1406 1992 ARU:
1438 1963 1592 1993 ascendit
1611 1973 1651 1993 ex

314 2007 382 2037 -dis
410 2006 637 2043 Corsim'amcs,
666 2005 815 2045 idemque
840 2005 921 2036 com'.
952 2004 1131 2035 Schwabe:
1155 2006 1316 2036 ascendet
1342 2005 1485 2045 Haupt:
1508 2006 1648 2037 accedat

316 2049 453 2081 Loensis
468 2049 563 2081 VIII.
599 2051 641 2080 26
819 2050 883 2079 206
907 2049 1060 2079 deuictus
1092 2048 1183 2079 AU:
1220 2049 1399 2079 deuinctus
1430 2049 1476 2080 ed.
1510 2050 1646 2081 Ascens.

318 2103 398 2133 1507
578 2103 640 2132 207
667 2093 789 2132 primas
820 2090 1104 2123 Lindenbrnclu'us
1263 2103 1326 2123 210
1349 2093 1470 2123 arectis
1498 2093 1649 2133 Neapoli-

314 2142 435 2168 tanus:
475 2137 599 2168 erectis
626 2135 685 2167 R:
724 2136 849 2167 erectis
877 2138 1052 2176 (suprascr.
1083 2135 1117 2176 a)
1147 2135 1179 2165 A
1346 2146 1409 2174 213
1433 2137 1650 2176 progreditur

313 2181 486 2213 Schwabe:
511 2180 689 2220 egreditur
701 2179 810 2210 ARU
894 2180 1025 2210 uidenti
1041 2178 1074 2209 R
1088 2190 1095 2209 :
1119 2178 1255 2218 bipenni
1271 2179 1437 2210 Baehrens
1583 2190 1648 2219 214

315 2229 371 2255 aut
390 2225 566 2264 (suprascr.
588 2224 638 2263 at)
655 2223 688 2253 A
707 2234 714 2253 :
737 2229 795 2254 aut
810 2222 844 2253 R
862 2234 868 2253 :
893 2227 926 2253 at
947 2222 980 2253 U
1145 2224 1207 2253 216
1230 2223 1343 2254 lumen
1360 2222 1405 2252 A¹
1585 2234 1646 2263 217

315 2273 503 2299 remoratus
521 2267 574 2299 R:
600 2271 786 2298 remoratus
813 2269 989 2306 (suprascr.
1017 2266 1069 2307 ur)
1099 2265 1143 2305 A,
1172 2266 1230 2297 sed
1254 2277 1308 2297 —us
1331 2267 1365 2297 in
1387 2277 1439 2298 -as
1461 2270 1499 2297 ut
1519 2266 1651 2298 uidetur

316 2315 443 2342 mutato
589 2311 648 2341 alti
667 2311 700 2342 R
716 2314 745 2341 et
760 2309 804 2350 A,
823 2310 880 2341 sed
892 2310 943 2342 hic
957 2313 995 2341 ut
1008 2309 1099 2351 quod
1112 2320 1200 2341 nunc
1214 2314 1259 2342 est
1275 2310 1283 2340 i
1300 2311 1393 2350 prius
1417 2310 1512 2342 aliud
1523 2311 1650 2351 fiterit:

314 2355 416 2386 altum
443 2355 490 2385 U:
516 2355 583 2386 alte
605 2354 786 2394 Hcrtzbctg
