<?xml version="1.0" encoding="UTF-8"?>
<!DOCTYPE html PUBLIC "-//W3C//DTD XHTML 1.0 Transitional//EN"
    "http://www.w3.org/TR/xhtml1/DTD/xhtml1-transitional.dtd">
<html xmlns="http://www.w3.org/1999/xhtml" xml:lang="en" lang="en">
 <head>
  <title>
</title>
<meta http-equiv="Content-Type" content="text/html;charset=utf-8" />
  <meta name='ocr-system' content='tesseract 3.04.00' />
  <meta name='ocr-capabilities' content='ocr_page ocr_carea ocr_par ocr_line ocrx_word'/>
</head>
<body>
  <div class='ocr_page' id='page_1' title='image "./appendixvergilia00elliuoft_0025.png"; bbox 0 0 1820 2802; ppageno 0'>
   <div class='ocr_carea' id='block_1_1' title="bbox 1325 174 1511 213">
    <p class='ocr_par' dir='ltr' id='par_1_1' title="bbox 1325 174 1511 213">
     <span class='ocr_line' id='line_1_1' title="bbox 1325 174 1511 213; baseline -0.005 0"><span class='ocrx_word' id='word_1_1' title='bbox 1325 174 1511 213; x_wconf 90' lang='lat' dir='ltr'>CVLEX</span> 
     </span>
    </p>
   </div>
   <div class='ocr_carea' id='block_1_2' title="bbox 156 255 1582 797">
    <p class='ocr_par' dir='ltr' id='par_1_2' title="bbox 156 255 1582 792">
     <span class='ocr_line' id='line_1_2' title="bbox 156 255 1205 343; baseline -0.001 -22"><span class='ocrx_word' id='word_1_2' title='bbox 156 280 158 282; x_wconf 59' lang='grc'>’</span> <span class='ocrx_word' id='word_1_3' title='bbox 186 282 365 333; x_wconf 85' lang='lat' dir='ltr'>cognitus</span> <span class='ocrx_word' id='word_1_4' title='bbox 395 282 560 321; x_wconf 89' lang='lat' dir='ltr'>utilitate</span> <span class='ocrx_word' id='word_1_5' title='bbox 590 255 839 334; x_wconf 52' lang='lat' dir='ltr'>manetsnec</span> <span class='ocrx_word' id='word_1_6' title='bbox 868 283 1011 343; x_wconf 86' lang='lat' dir='ltr'>pocula</span> <span class='ocrx_word' id='word_1_7' title='bbox 1044 274 1205 321; x_wconf 64' lang='lat' dir='ltr'>GraTum</span> 
     </span>
     <span class='ocr_line' id='line_1_3' title="bbox 187 339 1274 411; baseline -0.002 -25"><span class='ocrx_word' id='word_1_8' title='bbox 187 347 349 386; x_wconf 88' lang='lat' dir='ltr'>Alconis</span> <span class='ocrx_word' id='word_1_9' title='bbox 379 348 549 386; x_wconf 88' lang='lat' dir='ltr'>referunt</span> <span class='ocrx_word' id='word_1_10' title='bbox 577 346 827 411; x_wconf 85' lang='lat' dir='ltr'>†Boethique</span> <span class='ocrx_word' id='word_1_11' title='bbox 856 339 1048 394; x_wconf 84' lang='lat' dir='ltr'>toreuma,</span> <span class='ocrx_word' id='word_1_12' title='bbox 1078 360 1151 385; x_wconf 92' lang='lat' dir='ltr'>nec</span> <span class='ocrx_word' id='word_1_13' title='bbox 1182 346 1274 385; x_wconf 84' lang='lat' dir='ltr'>Indi</span> 
     </span>
     <span class='ocr_line' id='line_1_4' title="bbox 187 411 1297 463; baseline -0.002 -11"><span class='ocrx_word' id='word_1_14' title='bbox 187 414 365 452; x_wconf 89' lang='lat' dir='ltr'>conchea</span> <span class='ocrx_word' id='word_1_15' title='bbox 394 413 492 451; x_wconf 86' lang='lat' dir='ltr'>baca</span> <span class='ocrx_word' id='word_1_16' title='bbox 521 411 637 451; x_wconf 89' lang='lat' dir='ltr'>maris</span> <span class='ocrx_word' id='word_1_17' title='bbox 666 412 792 463; x_wconf 88' lang='lat' dir='ltr'>pretio</span> <span class='ocrx_word' id='word_1_18' title='bbox 822 419 905 460; x_wconf 71' lang='lat' dir='ltr'>est5</span> <span class='ocrx_word' id='word_1_19' title='bbox 942 420 981 450; x_wconf 90' lang='lat' dir='ltr'>at</span> <span class='ocrx_word' id='word_1_20' title='bbox 1010 419 1169 463; x_wconf 82' lang='lat' dir='ltr'><strong>pectore</strong></span> <span class='ocrx_word' id='word_1_21' title='bbox 1198 425 1297 462; x_wconf 92' lang='lat' dir='ltr'>puro</span> 
     </span>
     <span class='ocr_line' id='line_1_5' title="bbox 187 476 1273 529; baseline -0.001 -13"><span class='ocrx_word' id='word_1_22' title='bbox 187 491 304 529; x_wconf 88' lang='lat' dir='ltr'>saepe</span> <span class='ocrx_word' id='word_1_23' title='bbox 333 491 448 528; x_wconf 90' lang='lat' dir='ltr'>super</span> <span class='ocrx_word' id='word_1_24' title='bbox 477 485 613 516; x_wconf 88' lang='lat' dir='ltr'>tenero</span> <span class='ocrx_word' id='word_1_25' title='bbox 641 476 851 527; x_wconf 84' lang='lat' dir='ltr'>prosternit</span> <span class='ocrx_word' id='word_1_26' title='bbox 880 476 1054 528; x_wconf 88' lang='lat' dir='ltr'>gramine</span> <span class='ocrx_word' id='word_1_27' title='bbox 1084 490 1236 529; x_wconf 87' lang='lat' dir='ltr'>corpus,</span> <span class='ocrx_word' id='word_1_28' title='bbox 1271 498 1273 501; x_wconf 93' lang='lat'>·</span> 
     </span>
     <span class='ocr_line' id='line_1_6' title="bbox 188 533 1582 593; baseline -0.001 -12"><span class='ocrx_word' id='word_1_29' title='bbox 188 542 326 582; x_wconf 89' lang='lat' dir='ltr'>florida</span> <span class='ocrx_word' id='word_1_30' title='bbox 355 556 446 581; x_wconf 87' lang='lat' dir='ltr'>curn</span> <span class='ocrx_word' id='word_1_31' title='bbox 476 543 590 581; x_wconf 89' lang='lat' dir='ltr'>tellus</span> <span class='ocrx_word' id='word_1_32' title='bbox 618 541 853 593; x_wconf 88' lang='lat' dir='ltr'>gemmantis</span> <span class='ocrx_word' id='word_1_33' title='bbox 883 541 988 592; x_wconf 89' lang='lat' dir='ltr'>picta</span> <span class='ocrx_word' id='word_1_34' title='bbox 1017 555 1086 593; x_wconf 88' lang='lat' dir='ltr'>per</span> <span class='ocrx_word' id='word_1_35' title='bbox 1115 533 1265 581; x_wconf 77' lang='lat' dir='ltr'>herbas</span> <span class='ocrx_word' id='word_1_36' title='bbox 1285 535 1309 550; x_wconf 38' lang='lat' dir='ltr'>k*</span> <span class='ocrx_word' id='word_1_37' title='bbox 1474 557 1516 591; x_wconf 88' lang='lat'>70</span> <span class='ocrx_word' id='word_1_38' title='bbox 1539 561 1582 573; x_wconf 87' lang='lat'>--</span> 
     </span>
     <span class='ocr_line' id='line_1_7' title="bbox 188 606 1156 646; baseline -0.002 0"><span class='ocrx_word' id='word_1_39' title='bbox 188 621 279 646; x_wconf 89' lang='lat' dir='ltr'>uere</span> <span class='ocrx_word' id='word_1_40' title='bbox 308 614 420 646; x_wconf 92' lang='lat' dir='ltr'>notat</span> <span class='ocrx_word' id='word_1_41' title='bbox 448 606 580 646; x_wconf 89' lang='lat' dir='ltr'>dubiis</span> <span class='ocrx_word' id='word_1_42' title='bbox 610 606 796 645; x_wconf 87' lang='lat' dir='ltr'>distincta</span> <span class='ocrx_word' id='word_1_43' title='bbox 826 606 1024 646; x_wconf 90' lang='lat' dir='ltr'>coloribus</span> <span class='ocrx_word' id='word_1_44' title='bbox 1053 620 1156 645; x_wconf 86' lang='lat' dir='ltr'>arua.</span> 
     </span>
     <span class='ocr_line' id='line_1_8' title="bbox 186 670 1262 729; baseline -0.001 -19"><span class='ocrx_word' id='word_1_45' title='bbox 186 679 305 722; x_wconf 85' lang='lat' dir='ltr'>atque</span> <span class='ocrx_word' id='word_1_46' title='bbox 334 671 455 718; x_wconf 87' lang='lat' dir='ltr'>illum,</span> <span class='ocrx_word' id='word_1_47' title='bbox 488 673 641 710; x_wconf 90' lang='lat' dir='ltr'>calamo</span> <span class='ocrx_word' id='word_1_48' title='bbox 670 672 816 711; x_wconf 88' lang='lat' dir='ltr'>laetum</span> <span class='ocrx_word' id='word_1_49' title='bbox 847 678 1072 729; x_wconf 81' lang='lat' dir='ltr'>recanente</span> <span class='ocrx_word' id='word_1_50' title='bbox 1086 670 1262 723; x_wconf 87' lang='lat' dir='ltr'><strong>palustri,</strong></span> 
     </span>
     <span class='ocr_line' id='line_1_9' title="bbox 187 727 1146 797; baseline 0 -22"><span class='ocrx_word' id='word_1_51' title='bbox 187 727 365 786; x_wconf 86' lang='lat' dir='ltr'>otiaque</span> <span class='ocrx_word' id='word_1_52' title='bbox 368 732 789 797; x_wconf 58' lang='lat' dir='ltr'>inuiQ—degentem</span> <span class='ocrx_word' id='word_1_53' title='bbox 819 737 956 776; x_wconf 90' lang='lat' dir='ltr'>fraude</span> <span class='ocrx_word' id='word_1_54' title='bbox 985 743 1146 784; x_wconf 86' lang='lat' dir='ltr'>remota,</span> 
     </span>
    </p>
   </div>
   <div class='ocr_carea' id='block_1_3' title="bbox 70 794 1479 855">
    <p class='ocr_par' dir='ltr' id='par_1_3' title="bbox 70 794 1479 855">
     <span class='ocr_line' id='line_1_10' title="bbox 70 794 1479 855; baseline -0.002 -15"><span class='ocrx_word' id='word_1_55' title='bbox 70 794 99 808; x_wconf 71' lang='lat'>&#39;⁴</span> <span class='ocrx_word' id='word_1_56' title='bbox 130 807 137 811; x_wconf 78' lang='grc'><strong>’</strong></span> <span class='ocrx_word' id='word_1_57' title='bbox 188 803 484 855; x_wconf 86' lang='lat' dir='ltr'>pollentemque</span> <span class='ocrx_word' id='word_1_58' title='bbox 514 800 599 849; x_wconf 85' lang='lat' dir='ltr'>sibi,</span> <span class='ocrx_word' id='word_1_59' title='bbox 631 800 747 841; x_wconf 82' lang='lat' dir='ltr'>uiridi</span> <span class='ocrx_word' id='word_1_60' title='bbox 777 815 867 840; x_wconf 90' lang='lat' dir='ltr'>cum</span> <span class='ocrx_word' id='word_1_61' title='bbox 898 801 1059 852; x_wconf 83' lang='lat' dir='ltr'>palmite</span> <span class='ocrx_word' id='word_1_62' title='bbox 1089 802 1226 841; x_wconf 86' lang='lat' dir='ltr'>lucens</span> <span class='ocrx_word' id='word_1_63' title='bbox 1326 804 1479 838; x_wconf 37' lang='lat' dir='ltr'>&#39;sau-2121</span> 
     </span>
    </p>
   </div>
   <div class='ocr_carea' id='block_1_4' title="bbox 137 860 1520 1255">
    <p class='ocr_par' dir='ltr' id='par_1_4' title="bbox 188 860 1514 981">
     <span class='ocr_line' id='line_1_11' title="bbox 188 860 1514 931; baseline 0.001 -27"><span class='ocrx_word' id='word_1_64' title='bbox 188 860 345 931; x_wconf 86' lang='lat' dir='ltr'>Tmolia</span> <span class='ocrx_word' id='word_1_65' title='bbox 373 865 586 929; x_wconf 82' lang='lat' dir='ltr'>pampineo</span> <span class='ocrx_word' id='word_1_66' title='bbox 616 866 750 905; x_wconf 84' lang='lat' dir='ltr'>subter</span> <span class='ocrx_word' id='word_1_67' title='bbox 779 879 893 905; x_wconf 93' lang='lat' dir='ltr'>coma</span> <span class='ocrx_word' id='word_1_68' title='bbox 922 867 1027 905; x_wconf 90' lang='lat' dir='ltr'>uelat</span> <span class='ocrx_word' id='word_1_69' title='bbox 1056 865 1213 926; x_wconf 86' lang='lat' dir='ltr'>amictu.</span> <span class='ocrx_word' id='word_1_70' title='bbox 1475 880 1514 914; x_wconf 86' lang='lat'>75</span> 
     </span>
     <span class='ocr_line' id='line_1_12' title="bbox 188 921 1138 981; baseline 0 -12"><span class='ocrx_word' id='word_1_71' title='bbox 188 921 265 970; x_wconf 89' lang='lat' dir='ltr'>illi</span> <span class='ocrx_word' id='word_1_72' title='bbox 271 938 362 970; x_wconf 90' lang='lat' dir='ltr'>sunt</span> <span class='ocrx_word' id='word_1_73' title='bbox 390 938 521 981; x_wconf 85' lang='lat' dir='ltr'>gratae</span> <span class='ocrx_word' id='word_1_74' title='bbox 551 937 724 970; x_wconf 89' lang='lat' dir='ltr'>rorantes</span> <span class='ocrx_word' id='word_1_75' title='bbox 750 932 851 970; x_wconf 89' lang='lat' dir='ltr'>lacte</span> <span class='ocrx_word' id='word_1_76' title='bbox 881 923 1088 981; x_wconf 88' lang='lat' dir='ltr'>capellae,</span> <span class='ocrx_word' id='word_1_77' title='bbox 1126 933 1138 949; x_wconf 71' lang='lat'>³¹</span> 
     </span>
    </p>

    <p class='ocr_par' dir='ltr' id='par_1_5' title="bbox 188 994 1206 1035">
     <span class='ocr_line' id='line_1_13' title="bbox 188 994 1206 1035; baseline -0.001 -1"><span class='ocrx_word' id='word_1_78' title='bbox 188 1003 227 1034; x_wconf 88' lang='lat' dir='ltr'>et</span> <span class='ocrx_word' id='word_1_79' title='bbox 256 1009 396 1034; x_wconf 89' lang='lat' dir='ltr'>nemus</span> <span class='ocrx_word' id='word_1_80' title='bbox 425 1003 464 1034; x_wconf 88' lang='lat' dir='ltr'>et</span> <span class='ocrx_word' id='word_1_81' title='bbox 493 996 663 1035; x_wconf 85' lang='lat' dir='ltr'>fecunda</span> <span class='ocrx_word' id='word_1_82' title='bbox 693 996 806 1034; x_wconf 87' lang='lat' dir='ltr'>Pales</span> <span class='ocrx_word' id='word_1_83' title='bbox 836 1002 874 1034; x_wconf 90' lang='lat' dir='ltr'>et</span> <span class='ocrx_word' id='word_1_84' title='bbox 903 995 1072 1034; x_wconf 87' lang='lat' dir='ltr'>uallibus</span> <span class='ocrx_word' id='word_1_85' title='bbox 1102 994 1206 1034; x_wconf 88' lang='lat' dir='ltr'>intus</span> 
     </span>
    </p>

    <p class='ocr_par' dir='ltr' id='par_1_6' title="bbox 143 1060 1227 1111">
     <span class='ocr_line' id='line_1_14' title="bbox 143 1060 1227 1111; baseline -0.001 -12"><span class='ocrx_word' id='word_1_86' title='bbox 143 1091 145 1094; x_wconf 90' lang='lat'>.</span> <span class='ocrx_word' id='word_1_87' title='bbox 188 1074 343 1111; x_wconf 85' lang='lat' dir='ltr'>semper</span> <span class='ocrx_word' id='word_1_88' title='bbox 371 1074 497 1111; x_wconf 90' lang='lat' dir='ltr'>opaca</span> <span class='ocrx_word' id='word_1_89' title='bbox 525 1060 640 1100; x_wconf 87' lang='lat' dir='ltr'>nouis</span> <span class='ocrx_word' id='word_1_90' title='bbox 671 1060 872 1099; x_wconf 85' lang='lat' dir='ltr'>manantia</span> <span class='ocrx_word' id='word_1_91' title='bbox 900 1060 1076 1099; x_wconf 88' lang='lat' dir='ltr'>fontibus</span> <span class='ocrx_word' id='word_1_92' title='bbox 1106 1068 1227 1099; x_wconf 88' lang='lat' dir='ltr'>antra.</span> 
     </span>
    </p>

    <p class='ocr_par' dir='ltr' id='par_1_7' title="bbox 137 1117 1248 1181">
     <span class='ocr_line' id='line_1_15' title="bbox 137 1117 1248 1181; baseline 0 -17"><span class='ocrx_word' id='word_1_93' title='bbox 137 1117 139 1124; x_wconf 24' lang='grc' dir='ltr'><em>Α</em></span> <span class='ocrx_word' id='word_1_94' title='bbox 190 1153 194 1157; x_wconf 47' lang='grc'><strong><em>,</em></strong></span> <span class='ocrx_word' id='word_1_95' title='bbox 243 1125 363 1176; x_wconf 84' lang='lat' dir='ltr'>Quis</span> <span class='ocrx_word' id='word_1_96' title='bbox 365 1126 495 1181; x_wconf 88' lang='lat' dir='ltr'>magis</span> <span class='ocrx_word' id='word_1_97' title='bbox 526 1120 672 1176; x_wconf 50' lang='lat' dir='ltr'>optato)</span> <span class='ocrx_word' id='word_1_98' title='bbox 692 1133 809 1176; x_wconf 88' lang='lat' dir='ltr'>queat</span> <span class='ocrx_word' id='word_1_99' title='bbox 839 1139 924 1164; x_wconf 86' lang='lat' dir='ltr'>esse</span> <span class='ocrx_word' id='word_1_100' title='bbox 955 1124 1105 1164; x_wconf 88' lang='lat' dir='ltr'>beatior</span> <span class='ocrx_word' id='word_1_101' title='bbox 1133 1139 1248 1173; x_wconf 87' lang='lat' dir='ltr'>aeuo,</span> 
     </span>
    </p>

    <p class='ocr_par' dir='ltr' id='par_1_8' title="bbox 189 1190 1520 1255">
     <span class='ocr_line' id='line_1_16' title="bbox 189 1190 1520 1255; baseline -0.002 -25"><span class='ocrx_word' id='word_1_102' title='bbox 189 1205 307 1242; x_wconf 89' lang='lat' dir='ltr'>quam</span> <span class='ocrx_word' id='word_1_103' title='bbox 337 1191 405 1242; x_wconf 87' lang='lat' dir='ltr'>qui</span> <span class='ocrx_word' id='word_1_104' title='bbox 435 1198 568 1230; x_wconf 90' lang='lat' dir='ltr'>mente</span> <span class='ocrx_word' id='word_1_105' title='bbox 597 1192 734 1242; x_wconf 89' lang='lat' dir='ltr'>procul</span> <span class='ocrx_word' id='word_1_106' title='bbox 766 1204 861 1251; x_wconf 85' lang='lat' dir='ltr'>pura</span> <span class='ocrx_word' id='word_1_107' title='bbox 891 1203 1089 1255; x_wconf 82' lang='lat' dir='ltr'>sensuque</span> <span class='ocrx_word' id='word_1_108' title='bbox 1114 1190 1327 1245; x_wconf 89' lang='lat' dir='ltr'>probando</span> <span class='ocrx_word' id='word_1_109' title='bbox 1477 1198 1520 1228; x_wconf 90' lang='lat'>80</span> 
     </span>
    </p>
   </div>
   <div class='ocr_carea' id='block_1_5' title="bbox 127 1242 1150 1306">
    <p class='ocr_par' dir='ltr' id='par_1_9' title="bbox 127 1242 1150 1306">
     <span class='ocr_line' id='line_1_17' title="bbox 127 1242 1150 1306; baseline -0.002 -11"><span class='ocrx_word' id='word_1_110' title='bbox 127 1279 131 1281; x_wconf 18' lang='grc' dir='ltr'>λ</span> <span class='ocrx_word' id='word_1_111' title='bbox 189 1269 269 1296; x_wconf 92' lang='lat' dir='ltr'>non</span> <span class='ocrx_word' id='word_1_112' title='bbox 298 1255 436 1295; x_wconf 88' lang='lat' dir='ltr'>auidas</span> <span class='ocrx_word' id='word_1_113' title='bbox 465 1255 627 1306; x_wconf 89' lang='lat' dir='ltr'>agnouit</span> <span class='ocrx_word' id='word_1_114' title='bbox 656 1268 752 1306; x_wconf 89' lang='lat' dir='ltr'>opes</span> <span class='ocrx_word' id='word_1_115' title='bbox 782 1269 855 1294; x_wconf 86' lang='lat' dir='ltr'>nec</span> <span class='ocrx_word' id='word_1_116' title='bbox 885 1249 1015 1294; x_wconf 75' lang='lat' dir='ltr'>tristia</span> <span class='ocrx_word' id='word_1_117' title='bbox 1006 1242 1150 1302; x_wconf 85' lang='lat' dir='ltr'>bella,</span> 
     </span>
    </p>
   </div>
   <div class='ocr_carea' id='block_1_6' title="bbox 0 453 134 2802">
    <p class='ocr_par' dir='ltr' id='par_1_10' title="bbox 0 453 134 2802">
     <span class='ocr_line' id='line_1_18' title="bbox 0 453 134 2802; baseline 0 0"><span class='ocrx_word' id='word_1_118' title='bbox 0 453 134 2802; x_wconf 95' lang='lat' dir='ltr'> </span> 
     </span>
    </p>
   </div>
   <div class='ocr_carea' id='block_1_7' title="bbox 189 1319 1302 1436">
    <p class='ocr_par' dir='ltr' id='par_1_11' title="bbox 189 1319 1302 1436">
     <span class='ocr_line' id='line_1_19' title="bbox 189 1319 1189 1367; baseline -0.002 -7"><span class='ocrx_word' id='word_1_119' title='bbox 189 1335 262 1360; x_wconf 89' lang='lat' dir='ltr'>nec</span> <span class='ocrx_word' id='word_1_120' title='bbox 292 1322 447 1360; x_wconf 90' lang='lat' dir='ltr'>funesta</span> <span class='ocrx_word' id='word_1_121' title='bbox 475 1320 588 1360; x_wconf 92' lang='lat' dir='ltr'>timet</span> <span class='ocrx_word' id='word_1_122' title='bbox 617 1319 771 1360; x_wconf 88' lang='lat' dir='ltr'>ualidae</span> <span class='ocrx_word' id='word_1_123' title='bbox 801 1320 1015 1359; x_wconf 89' lang='lat' dir='ltr'>certamina</span> <span class='ocrx_word' id='word_1_124' title='bbox 1045 1319 1189 1367; x_wconf 89' lang='lat' dir='ltr'>classis,</span> 
     </span>
     <span class='ocr_line' id='line_1_20' title="bbox 190 1384 1302 1436; baseline -0.002 -11"><span class='ocrx_word' id='word_1_125' title='bbox 190 1399 282 1433; x_wconf 92' lang='lat' dir='ltr'>non,</span> <span class='ocrx_word' id='word_1_126' title='bbox 315 1385 449 1436; x_wconf 88' lang='lat' dir='ltr'>spoliis</span> <span class='ocrx_word' id='word_1_127' title='bbox 478 1386 574 1425; x_wconf 87' lang='lat' dir='ltr'>dum</span> <span class='ocrx_word' id='word_1_128' title='bbox 605 1392 740 1424; x_wconf 90' lang='lat' dir='ltr'>sancta</span> <span class='ocrx_word' id='word_1_129' title='bbox 758 1385 889 1424; x_wconf 40' lang='lat' dir='ltr'>*deum</span> <span class='ocrx_word' id='word_1_130' title='bbox 919 1384 1160 1435; x_wconf 85' lang='lat' dir='ltr'>fulgentibus</span> <span class='ocrx_word' id='word_1_131' title='bbox 1190 1392 1302 1424; x_wconf 90' lang='lat' dir='ltr'>ornet</span> 
     </span>
    </p>
   </div>
   <div class='ocr_carea' id='block_1_8' title="bbox 189 1449 1522 1639">
    <p class='ocr_par' dir='ltr' id='par_1_12' title="bbox 189 1449 1522 1639">
     <span class='ocr_line' id='line_1_21' title="bbox 189 1449 1288 1508; baseline -0.003 -18"><span class='ocrx_word' id='word_1_132' title='bbox 189 1452 346 1502; x_wconf 87' lang='lat' dir='ltr'>templa,</span> <span class='ocrx_word' id='word_1_133' title='bbox 378 1464 452 1490; x_wconf 91' lang='lat' dir='ltr'>nec</span> <span class='ocrx_word' id='word_1_134' title='bbox 481 1457 642 1490; x_wconf 88' lang='lat' dir='ltr'>euectus</span> <span class='ocrx_word' id='word_1_135' title='bbox 672 1451 792 1489; x_wconf 88' lang='lat' dir='ltr'>finem</span> <span class='ocrx_word' id='word_1_136' title='bbox 822 1450 1073 1508; x_wconf 85' lang='lat' dir='ltr'>transcendat</span> <span class='ocrx_word' id='word_1_137' title='bbox 1103 1449 1288 1496; x_wconf 89' lang='lat' dir='ltr'>habendi,</span> 
     </span>
     <span class='ocr_line' id='line_1_22' title="bbox 414 1502 1084 1536; baseline -0.003 1"><span class='ocrx_word' id='word_1_138' title='bbox 414 1502 460 1509; x_wconf 73' lang='grc'><em>“</em></span> <span class='ocrx_word' id='word_1_139' title='bbox 830 1527 836 1536; x_wconf 26' lang='lat' dir='ltr'>t</span> <span class='ocrx_word' id='word_1_140' title='bbox 897 1506 976 1530; x_wconf 45' lang='grc' dir='ltr'>’ωψ-</span> <span class='ocrx_word' id='word_1_141' title='bbox 1067 1519 1084 1522; x_wconf 31' lang='grc' dir='ltr'>»ν</span> 
     </span>
     <span class='ocr_line' id='line_1_23' title="bbox 235 1534 1522 1595; baseline -0.001 -9"><span class='ocrx_word' id='word_1_142' title='bbox 235 1564 340 1594; x_wconf 89' lang='lat' dir='ltr'><strong>7o‚71</strong></span> <span class='ocrx_word' id='word_1_143' title='bbox 367 1553 566 1595; x_wconf 78' lang='lat' dir='ltr'>Engelmodi</span> <span class='ocrx_word' id='word_1_144' title='bbox 587 1563 618 1593; x_wconf 84' lang='lat'>3.</span> <span class='ocrx_word' id='word_1_145' title='bbox 643 1563 695 1594; x_wconf 86' lang='lat'>97,</span> <span class='ocrx_word' id='word_1_146' title='bbox 722 1554 765 1593; x_wconf 87' lang='grc'>98</span> <span class='ocrx_word' id='word_1_147' title='bbox 788 1534 951 1594; x_wconf 64' lang='lat' dir='ltr'>(Traube)</span> <span class='ocrx_word' id='word_1_148' title='bbox 979 1552 1113 1584; x_wconf 89' lang='lat' dir='ltr'>Florida</span> <span class='ocrx_word' id='word_1_149' title='bbox 1137 1563 1210 1584; x_wconf 85' lang='lat' dir='ltr'>cum</span> <span class='ocrx_word' id='word_1_150' title='bbox 1232 1552 1330 1584; x_wconf 83' lang='lat' dir='ltr'>tellus</span> <span class='ocrx_word' id='word_1_151' title='bbox 1355 1553 1522 1594; x_wconf 85' lang='lat' dir='ltr'>pubentes</span> 
     </span>
     <span class='ocr_line' id='line_1_24' title="bbox 190 1595 1336 1639; baseline -0.002 -9"><span class='ocrx_word' id='word_1_152' title='bbox 190 1599 333 1639; x_wconf 86' lang='lat' dir='ltr'>parturit</span> <span class='ocrx_word' id='word_1_153' title='bbox 356 1598 478 1628; x_wconf 85' lang='lat' dir='ltr'>herbas</span> <span class='ocrx_word' id='word_1_154' title='bbox 501 1597 592 1628; x_wconf 89' lang='lat' dir='ltr'>Vere</span> <span class='ocrx_word' id='word_1_155' title='bbox 617 1607 706 1628; x_wconf 90' lang='lat' dir='ltr'>nouo</span> <span class='ocrx_word' id='word_1_156' title='bbox 723 1597 866 1636; x_wconf 87' lang='lat' dir='ltr'>pingens</span> <span class='ocrx_word' id='word_1_157' title='bbox 884 1597 1042 1627; x_wconf 90' lang='lat' dir='ltr'>distincta</span> <span class='ocrx_word' id='word_1_158' title='bbox 1059 1595 1227 1628; x_wconf 86' lang='lat' dir='ltr'>coloribus</span> <span class='ocrx_word' id='word_1_159' title='bbox 1244 1607 1336 1629; x_wconf 86' lang='lat' dir='ltr'>arua.</span> 
     </span>
    </p>
   </div>
   <div class='ocr_carea' id='block_1_9' title="bbox 232 1666 1523 1710">
    <p class='ocr_par' dir='ltr' id='par_1_13' title="bbox 232 1666 1523 1710">
     <span class='ocr_line' id='line_1_25' title="bbox 232 1666 1523 1710; baseline -0.001 -10"><span class='ocrx_word' id='word_1_160' title='bbox 232 1670 276 1700; x_wconf 92' lang='lat'>66</span> <span class='ocrx_word' id='word_1_161' title='bbox 293 1671 424 1710; x_wconf 84' lang='lat' dir='ltr'>gratum</span> <span class='ocrx_word' id='word_1_162' title='bbox 438 1667 551 1699; x_wconf 88' lang='lat' dir='ltr'><em>codd..</em></span> <span class='ocrx_word' id='word_1_163' title='bbox 578 1668 718 1709; x_wconf 87' lang='lat' dir='ltr'>Graium</span> <span class='ocrx_word' id='word_1_164' title='bbox 735 1667 914 1698; x_wconf 35' lang='lat' dir='ltr'>Hezffznsms</span> <span class='ocrx_word' id='word_1_165' title='bbox 934 1677 1064 1698; x_wconf 86' lang='lat' dir='ltr'>manum</span> <span class='ocrx_word' id='word_1_166' title='bbox 1083 1677 1144 1698; x_wconf 88' lang='lat' dir='ltr'>nec</span> <span class='ocrx_word' id='word_1_167' title='bbox 1157 1666 1277 1705; x_wconf 87' lang='lat' dir='ltr'>pocula</span> <span class='ocrx_word' id='word_1_168' title='bbox 1291 1666 1425 1698; x_wconf 84' lang='lat' dir='ltr'>Graiam</span> <span class='ocrx_word' id='word_1_169' title='bbox 1443 1667 1523 1699; x_wconf 76' lang='lat' dir='ltr'><em>Rib-</em></span> 
     </span>
    </p>
   </div>
   <div class='ocr_carea' id='block_1_10' title="bbox 150 1704 1528 1752">
    <p class='ocr_par' dir='ltr' id='par_1_14' title="bbox 150 1704 1528 1752">
     <span class='ocr_line' id='line_1_26' title="bbox 150 1704 1528 1752; baseline 0 -10"><span class='ocrx_word' id='word_1_170' title='bbox 150 1732 151 1735; x_wconf 58' lang='lat'><em>=</em></span> <span class='ocrx_word' id='word_1_171' title='bbox 190 1712 259 1744; x_wconf 83' lang='lat' dir='ltr'>be&#39;ck</span> <span class='ocrx_word' id='word_1_172' title='bbox 346 1714 386 1752; x_wconf 89' lang='lat'>67</span> <span class='ocrx_word' id='word_1_173' title='bbox 412 1707 641 1743; x_wconf 85' lang='lat' dir='ltr'>AlconiCors.</span> <span class='ocrx_word' id='word_1_174' title='bbox 669 1707 673 1709; x_wconf 19' lang='lat' dir='ltr'>i</span> <span class='ocrx_word' id='word_1_175' title='bbox 711 1704 866 1742; x_wconf 57' lang='lat' dir='ltr'>(Terent</span> <span class='ocrx_word' id='word_1_176' title='bbox 889 1709 1019 1741; x_wconf 82' lang='lat' dir='ltr'>VCors.</span> <span class='ocrx_word' id='word_1_177' title='bbox 1034 1711 1126 1742; x_wconf 82' lang='lat' dir='ltr'>Cant.</span> <span class='ocrx_word' id='word_1_178' title='bbox 1141 1710 1214 1742; x_wconf 84' lang='lat' dir='ltr'>Esc.</span> <span class='ocrx_word' id='word_1_179' title='bbox 1293 1710 1528 1750; x_wconf 80' lang='lat' dir='ltr'>boetiqueHV</span> 
     </span>
    </p>
   </div>
   <div class='ocr_carea' id='block_1_11' title="bbox 191 1759 1522 1828">
    <p class='ocr_par' dir='ltr' id='par_1_15' title="bbox 191 1759 1522 1828">
     <span class='ocr_line' id='line_1_27' title="bbox 191 1759 1522 1828; baseline -0.001 -9"><span class='ocrx_word' id='word_1_180' title='bbox 191 1788 282 1821; x_wconf 84' lang='lat' dir='ltr'>Cors.</span> <span class='ocrx_word' id='word_1_181' title='bbox 297 1789 391 1821; x_wconf 84' lang='lat' dir='ltr'>Cant.</span> <span class='ocrx_word' id='word_1_182' title='bbox 409 1800 416 1821; x_wconf 75' lang='grc' dir='ltr'><strong><em>ι</em></strong></span> <span class='ocrx_word' id='word_1_183' title='bbox 437 1789 619 1828; x_wconf 88' lang='lat' dir='ltr'>bohetique</span> <span class='ocrx_word' id='word_1_184' title='bbox 631 1787 690 1819; x_wconf 88' lang='lat' dir='ltr'>M:</span> <span class='ocrx_word' id='word_1_185' title='bbox 707 1788 861 1826; x_wconf 88' lang='lat' dir='ltr'>coetique</span> <span class='ocrx_word' id='word_1_186' title='bbox 874 1787 928 1818; x_wconf 89' lang='grc' dir='ltr'>Β·</span> <span class='ocrx_word' id='word_1_187' title='bbox 922 1811 928 1818; x_wconf 90' lang='grc'><em>.</em></span> <span class='ocrx_word' id='word_1_188' title='bbox 947 1787 1148 1827; x_wconf 81' lang='lat' dir='ltr'>Rhoeeique</span> <span class='ocrx_word' id='word_1_189' title='bbox 1161 1787 1359 1818; x_wconf 76' lang='lat' dir='ltr'>Lachmann</span> <span class='ocrx_word' id='word_1_190' title='bbox 1429 1788 1472 1818; x_wconf 85' lang='lat'>68</span> <span class='ocrx_word' id='word_1_191' title='bbox 1495 1759 1522 1818; x_wconf 91' lang='lat' dir='ltr'>at</span> 
     </span>
    </p>
   </div>
   <div class='ocr_carea' id='block_1_12' title="bbox 189 1830 1563 2134">
    <p class='ocr_par' dir='ltr' id='par_1_16' title="bbox 189 1830 1563 2134">
     <span class='ocr_line' id='line_1_28' title="bbox 197 1830 1527 1871; baseline -0.003 -7"><span class='ocrx_word' id='word_1_192' title='bbox 197 1830 246 1864; x_wconf 82' lang='lat' dir='ltr'>VP</span> <span class='ocrx_word' id='word_1_193' title='bbox 261 1843 267 1863; x_wconf 92' lang='lat'>:</span> <span class='ocrx_word' id='word_1_194' title='bbox 285 1831 419 1863; x_wconf 81' lang='lat' dir='ltr'>aBMn</span> <span class='ocrx_word' id='word_1_195' title='bbox 432 1832 518 1864; x_wconf 84' lang='lat' dir='ltr'>Cors.</span> <span class='ocrx_word' id='word_1_196' title='bbox 532 1831 629 1863; x_wconf 86' lang='lat' dir='ltr'>Cant.</span> <span class='ocrx_word' id='word_1_197' title='bbox 709 1841 750 1871; x_wconf 92' lang='lat'>70</span> <span class='ocrx_word' id='word_1_198' title='bbox 768 1831 859 1871; x_wconf 88' lang='lat' dir='ltr'>cum]</span> <span class='ocrx_word' id='word_1_199' title='bbox 872 1835 952 1862; x_wconf 88' lang='lat' dir='ltr'>tunc</span> <span class='ocrx_word' id='word_1_200' title='bbox 968 1830 1000 1860; x_wconf 88' lang='lat' dir='ltr'><em>V</em></span> <span class='ocrx_word' id='word_1_201' title='bbox 1039 1832 1240 1870; x_wconf 87' lang='lat' dir='ltr'>gemmantis</span> <span class='ocrx_word' id='word_1_202' title='bbox 1254 1832 1287 1870; x_wconf 88' lang='lat' dir='ltr'>(e</span> <span class='ocrx_word' id='word_1_203' title='bbox 1298 1832 1478 1871; x_wconf 77' lang='lat' dir='ltr'>suprascr.)</span> <span class='ocrx_word' id='word_1_204' title='bbox 1495 1830 1527 1860; x_wconf 91' lang='lat' dir='ltr'><em>V</em></span> 
     </span>
     <span class='ocr_line' id='line_1_29' title="bbox 192 1873 1524 1916; baseline -0.001 -10"><span class='ocrx_word' id='word_1_205' title='bbox 192 1886 229 1916; x_wconf 92' lang='lat'>71</span> <span class='ocrx_word' id='word_1_206' title='bbox 257 1886 347 1908; x_wconf 90' lang='lat' dir='ltr'>nouo</span> <span class='ocrx_word' id='word_1_207' title='bbox 374 1875 423 1907; x_wconf 87' lang='lat' dir='ltr'>V:</span> <span class='ocrx_word' id='word_1_208' title='bbox 456 1887 539 1906; x_wconf 84' lang='lat' dir='ltr'>num</span> <span class='ocrx_word' id='word_1_209' title='bbox 566 1877 690 1907; x_wconf 73' lang='lat' dir='ltr'>nouat?</span> <span class='ocrx_word' id='word_1_210' title='bbox 780 1875 889 1905; x_wconf 85' lang='lat' dir='ltr'>dubiis</span> <span class='ocrx_word' id='word_1_211' title='bbox 919 1873 1044 1914; x_wconf 87' lang='lat' dir='ltr'>unod</span> <span class='ocrx_word' id='word_1_212' title='bbox 1065 1885 1139 1904; x_wconf 78' lang='lat' dir='ltr'>mm</span> <span class='ocrx_word' id='word_1_213' title='bbox 1172 1873 1296 1905; x_wconf 81' lang='lat' dir='ltr'>Naekt&#39;o</span> <span class='ocrx_word' id='word_1_214' title='bbox 1321 1874 1394 1905; x_wconf 76' lang='lat' dir='ltr'>Dir.</span> <span class='ocrx_word' id='word_1_215' title='bbox 1418 1879 1452 1915; x_wconf 83' lang='lat' dir='ltr'>p.</span> <span class='ocrx_word' id='word_1_216' title='bbox 1480 1883 1524 1913; x_wconf 91' lang='lat'>50</span> 
     </span>
     <span class='ocr_line' id='line_1_30' title="bbox 192 1916 1522 1958; baseline -0.002 -7"><span class='ocrx_word' id='word_1_217' title='bbox 192 1921 326 1951; x_wconf 85' lang='lat' dir='ltr'>retinui:</span> <span class='ocrx_word' id='word_1_218' title='bbox 366 1919 458 1950; x_wconf 88' lang='lat' dir='ltr'>duris</span> <span class='ocrx_word' id='word_1_219' title='bbox 482 1919 556 1950; x_wconf 83' lang='lat' dir='ltr'>GP:</span> <span class='ocrx_word' id='word_1_220' title='bbox 588 1919 695 1950; x_wconf 84' lang='lat' dir='ltr'>dulcis</span> <span class='ocrx_word' id='word_1_221' title='bbox 726 1922 817 1950; x_wconf 85' lang='lat' dir='ltr'>cett.:</span> <span class='ocrx_word' id='word_1_222' title='bbox 850 1917 938 1949; x_wconf 86' lang='lat' dir='ltr'>dulei</span> <span class='ocrx_word' id='word_1_223' title='bbox 964 1917 1112 1949; x_wconf 80' lang='lat' dir='ltr'><em>Bembus</em></span> <span class='ocrx_word' id='word_1_224' title='bbox 1129 1918 1221 1958; x_wconf 83' lang='lat' dir='ltr'>uulg.</span> <span class='ocrx_word' id='word_1_225' title='bbox 1336 1916 1522 1957; x_wconf 84' lang='lat' dir='ltr'>coloribus]</span> 
     </span>
     <span class='ocr_line' id='line_1_31' title="bbox 190 1960 1519 2003; baseline -0.002 -9"><span class='ocrx_word' id='word_1_226' title='bbox 190 1963 357 2003; x_wconf 85' lang='lat' dir='ltr'>ligonibus</span> <span class='ocrx_word' id='word_1_227' title='bbox 376 1962 429 1994; x_wconf 84' lang='lat' dir='ltr'>GP</span> <span class='ocrx_word' id='word_1_228' title='bbox 594 1973 633 2001; x_wconf 90' lang='lat'>72</span> <span class='ocrx_word' id='word_1_229' title='bbox 659 1962 768 2000; x_wconf 52' lang='lat' dir='ltr'>illum]¹</span> <span class='ocrx_word' id='word_1_230' title='bbox 794 1962 850 1993; x_wconf 85' lang='lat' dir='ltr'>illa</span> <span class='ocrx_word' id='word_1_231' title='bbox 868 1961 909 1991; x_wconf 91' lang='lat' dir='ltr'><em>M</em></span> <span class='ocrx_word' id='word_1_232' title='bbox 1017 1966 1199 1992; x_wconf 82' lang='lat' dir='ltr'>recanente</span> <span class='ocrx_word' id='word_1_233' title='bbox 1222 1960 1263 1991; x_wconf 92' lang='lat' dir='ltr'><em>M</em></span> <span class='ocrx_word' id='word_1_234' title='bbox 1283 1962 1315 2000; x_wconf 85' lang='lat' dir='ltr'>(r</span> <span class='ocrx_word' id='word_1_235' title='bbox 1331 1961 1366 1991; x_wconf 84' lang='lat' dir='ltr'>in</span> <span class='ocrx_word' id='word_1_236' title='bbox 1385 1962 1519 2001; x_wconf 70' lang='lat' dir='ltr'>rasura)</span> 
     </span>
     <span class='ocr_line' id='line_1_32' title="bbox 189 2003 1563 2045; baseline -0.001 -8"><span class='ocrx_word' id='word_1_237' title='bbox 189 2006 288 2038; x_wconf 84' lang='lat' dir='ltr'>BFn</span> <span class='ocrx_word' id='word_1_238' title='bbox 300 2007 393 2039; x_wconf 82' lang='lat' dir='ltr'>Cant.</span> <span class='ocrx_word' id='word_1_239' title='bbox 412 2018 419 2036; x_wconf 89' lang='lat'>:</span> <span class='ocrx_word' id='word_1_240' title='bbox 444 2006 615 2038; x_wconf 82' lang='lat' dir='ltr'>recinente</span> <span class='ocrx_word' id='word_1_241' title='bbox 634 2004 807 2037; x_wconf 82' lang='lat' dir='ltr'>Cors.Esc.</span> <span class='ocrx_word' id='word_1_242' title='bbox 898 2004 1040 2045; x_wconf 87' lang='lat' dir='ltr'>plaustri</span> <span class='ocrx_word' id='word_1_243' title='bbox 1063 2005 1092 2035; x_wconf 95' lang='lat' dir='ltr'><em>T</em></span> <span class='ocrx_word' id='word_1_244' title='bbox 1213 2014 1252 2044; x_wconf 89' lang='lat'>73</span> <span class='ocrx_word' id='word_1_245' title='bbox 1278 2003 1466 2037; x_wconf 58' lang='lat' dir='ltr'>inuidieV:</span> <span class='ocrx_word' id='word_1_246' title='bbox 1489 2005 1521 2035; x_wconf 88' lang='lat' dir='ltr'>in</span> <span class='ocrx_word' id='word_1_247' title='bbox 1559 2026 1563 2027; x_wconf 30' lang='grc' dir='ltr'><em>ν</em></span> 
     </span>
     <span class='ocr_line' id='line_1_33' title="bbox 191 2048 1522 2089; baseline -0.001 -8"><span class='ocrx_word' id='word_1_248' title='bbox 191 2060 269 2082; x_wconf 88' lang='lat' dir='ltr'>rure</span> <span class='ocrx_word' id='word_1_249' title='bbox 287 2055 308 2082; x_wconf 89' lang='grc' dir='ltr'><strong>Γ</strong></span> <span class='ocrx_word' id='word_1_250' title='bbox 323 2062 330 2081; x_wconf 87' lang='lat'><strong>:</strong></span> <span class='ocrx_word' id='word_1_251' title='bbox 354 2050 480 2082; x_wconf 90' lang='lat' dir='ltr'>inuidia</span> <span class='ocrx_word' id='word_1_252' title='bbox 496 2053 560 2081; x_wconf 86' lang='lat' dir='ltr'>cett.</span> <span class='ocrx_word' id='word_1_253' title='bbox 637 2050 794 2089; x_wconf 89' lang='lat' dir='ltr'>degendo</span> <span class='ocrx_word' id='word_1_254' title='bbox 814 2049 884 2080; x_wconf 81' lang='lat' dir='ltr'>GP:</span> <span class='ocrx_word' id='word_1_255' title='bbox 903 2048 988 2088; x_wconf 87' lang='lat' dir='ltr'>sorl.</span> <span class='ocrx_word' id='word_1_256' title='bbox 1009 2049 1190 2080; x_wconf 85' lang='lat' dir='ltr'>ducentem</span> <span class='ocrx_word' id='word_1_257' title='bbox 1266 2053 1300 2079; x_wconf 89' lang='lat' dir='ltr'>et</span> <span class='ocrx_word' id='word_1_258' title='bbox 1316 2052 1391 2078; x_wconf 84' lang='lat' dir='ltr'>ante</span> <span class='ocrx_word' id='word_1_259' title='bbox 1407 2048 1522 2080; x_wconf 79' lang='lat' dir='ltr'>fraude</span> 
     </span>
     <span class='ocr_line' id='line_1_34' title="bbox 191 2090 1530 2134; baseline -0.001 -9"><span class='ocrx_word' id='word_1_260' title='bbox 191 2093 267 2125; x_wconf 85' lang='lat' dir='ltr'>add.</span> <span class='ocrx_word' id='word_1_261' title='bbox 284 2093 312 2126; x_wconf 89' lang='lat' dir='ltr'><em>G</em></span> <span class='ocrx_word' id='word_1_262' title='bbox 445 2104 485 2134; x_wconf 86' lang='lat'>74</span> <span class='ocrx_word' id='word_1_263' title='bbox 509 2093 622 2125; x_wconf 85' lang='lat' dir='ltr'>litteus</span> <span class='ocrx_word' id='word_1_264' title='bbox 639 2093 712 2126; x_wconf 86' lang='lat' dir='ltr'>Esc.</span> <span class='ocrx_word' id='word_1_265' title='bbox 731 2104 738 2124; x_wconf 74' lang='grc' dir='ltr'>ε</span> <span class='ocrx_word' id='word_1_266' title='bbox 763 2103 848 2124; x_wconf 80' lang='lat' dir='ltr'>num</span> <span class='ocrx_word' id='word_1_267' title='bbox 865 2092 994 2124; x_wconf 75' lang='lat' dir='ltr'>linens?</span> <span class='ocrx_word' id='word_1_268' title='bbox 1130 2101 1168 2131; x_wconf 86' lang='lat'>75</span> <span class='ocrx_word' id='word_1_269' title='bbox 1194 2091 1309 2123; x_wconf 86' lang='lat' dir='ltr'>tmolia</span> <span class='ocrx_word' id='word_1_270' title='bbox 1324 2090 1394 2122; x_wconf 89' lang='lat' dir='ltr'>EM</span> <span class='ocrx_word' id='word_1_271' title='bbox 1407 2091 1495 2123; x_wconf 80' lang='lat' dir='ltr'>cors.</span> <span class='ocrx_word' id='word_1_272' title='bbox 1513 2098 1530 2124; x_wconf 85' lang='lat'>:&#39;</span> 
     </span>
    </p>
   </div>
   <div class='ocr_carea' id='block_1_13' title="bbox 789 1702 901 1711">
    <p class='ocr_par' dir='ltr' id='par_1_17' title="bbox 789 1702 901 1711">
     <span class='ocr_line' id='line_1_35' title="bbox 789 1702 901 1711; baseline 0 1091"><span class='ocrx_word' id='word_1_273' title='bbox 789 1702 901 1711; x_wconf 95' lang='lat' dir='ltr'> </span> 
     </span>
    </p>
   </div>
   <div class='ocr_carea' id='block_1_14' title="bbox 191 2167 1525 2463">
    <p class='ocr_par' dir='ltr' id='par_1_18' title="bbox 191 2167 1525 2463">
     <span class='ocr_line' id='line_1_36' title="bbox 191 2167 1525 2216; baseline -0.003 -14"><span class='ocrx_word' id='word_1_274' title='bbox 191 2171 331 2202; x_wconf 87' lang='lat' dir='ltr'>thmolia</span> <span class='ocrx_word' id='word_1_275' title='bbox 353 2171 426 2202; x_wconf 92' lang='lat' dir='ltr'>TV:</span> <span class='ocrx_word' id='word_1_276' title='bbox 450 2171 552 2201; x_wconf 85' lang='lat' dir='ltr'>molia</span> <span class='ocrx_word' id='word_1_277' title='bbox 567 2170 601 2201; x_wconf 87' lang='lat' dir='ltr'><em>P</em></span> <span class='ocrx_word' id='word_1_278' title='bbox 738 2170 906 2210; x_wconf 85' lang='lat' dir='ltr'>panpineo</span> <span class='ocrx_word' id='word_1_279' title='bbox 924 2168 1043 2200; x_wconf 86' lang='lat' dir='ltr'>subtus</span> <span class='ocrx_word' id='word_1_280' title='bbox 1065 2168 1096 2198; x_wconf 90' lang='lat' dir='ltr'><em>V</em></span> <span class='ocrx_word' id='word_1_281' title='bbox 1257 2169 1317 2207; x_wconf 91' lang='lat'>76</span> <span class='ocrx_word' id='word_1_282' title='bbox 1315 2177 1380 2216; x_wconf 41' lang='lat'>&#39;151</span> <span class='ocrx_word' id='word_1_283' title='bbox 1406 2167 1525 2198; x_wconf 79' lang='lat' dir='ltr'>desunt</span> 
     </span>
     <span class='ocr_line' id='line_1_37' title="bbox 192 2210 1524 2255; baseline -0.002 -10"><span class='ocrx_word' id='word_1_284' title='bbox 192 2215 225 2245; x_wconf 80' lang='lat' dir='ltr'>in</span> <span class='ocrx_word' id='word_1_285' title='bbox 253 2213 295 2244; x_wconf 91' lang='lat' dir='ltr'><em>M</em></span> <span class='ocrx_word' id='word_1_286' title='bbox 403 2225 441 2254; x_wconf 88' lang='lat'>77</span> <span class='ocrx_word' id='word_1_287' title='bbox 466 2214 562 2254; x_wconf 86' lang='lat' dir='ltr'>palus</span> <span class='ocrx_word' id='word_1_288' title='bbox 592 2214 625 2255; x_wconf 87' lang='lat' dir='ltr'>(e</span> <span class='ocrx_word' id='word_1_289' title='bbox 653 2214 832 2253; x_wconf 81' lang='lat' dir='ltr'>suprascr.)</span> <span class='ocrx_word' id='word_1_290' title='bbox 863 2212 910 2243; x_wconf 88' lang='lat' dir='ltr'>V.</span> <span class='ocrx_word' id='word_1_291' title='bbox 946 2212 1054 2251; x_wconf 90' lang='lat' dir='ltr'>palles</span> <span class='ocrx_word' id='word_1_292' title='bbox 1082 2211 1178 2242; x_wconf 85' lang='lat' dir='ltr'>Cant.</span> <span class='ocrx_word' id='word_1_293' title='bbox 1266 2211 1341 2241; x_wconf 88' lang='lat' dir='ltr'>imis</span> <span class='ocrx_word' id='word_1_294' title='bbox 1375 2210 1524 2242; x_wconf 82' lang='lat' dir='ltr'>Bembus</span> 
     </span>
     <span class='ocr_line' id='line_1_38' title="bbox 192 2254 1522 2298; baseline -0.004 -9"><span class='ocrx_word' id='word_1_295' title='bbox 192 2258 232 2298; x_wconf 89' lang='grc'>78</span> <span class='ocrx_word' id='word_1_296' title='bbox 258 2258 354 2289; x_wconf 90' lang='lat' dir='ltr'>nobis</span> <span class='ocrx_word' id='word_1_297' title='bbox 373 2257 461 2289; x_wconf 82' lang='lat' dir='ltr'>Cors.</span> <span class='ocrx_word' id='word_1_298' title='bbox 606 2267 647 2297; x_wconf 92' lang='lat'>79</span> <span class='ocrx_word' id='word_1_299' title='bbox 671 2257 737 2296; x_wconf 85' lang='lat' dir='ltr'>Qui</span> <span class='ocrx_word' id='word_1_300' title='bbox 756 2256 784 2287; x_wconf 83' lang='lat' dir='ltr'><strong><em>G</em></strong></span> <span class='ocrx_word' id='word_1_301' title='bbox 941 2256 983 2286; x_wconf 85' lang='lat'>80</span> <span class='ocrx_word' id='word_1_302' title='bbox 1007 2255 1100 2286; x_wconf 89' lang='lat' dir='ltr'>lucro</span> <span class='ocrx_word' id='word_1_303' title='bbox 1118 2265 1200 2294; x_wconf 85' lang='lat' dir='ltr'>pura</span> <span class='ocrx_word' id='word_1_304' title='bbox 1218 2254 1376 2294; x_wconf 76' lang='lat' dir='ltr'>Maelzly:</span> <span class='ocrx_word' id='word_1_305' title='bbox 1407 2255 1522 2294; x_wconf 86' lang='lat' dir='ltr'>procul</span> 
     </span>
     <span class='ocr_line' id='line_1_39' title="bbox 192 2297 1524 2340; baseline -0.003 -8"><span class='ocrx_word' id='word_1_306' title='bbox 192 2311 293 2340; x_wconf 84' lang='lat' dir='ltr'>praua</span> <span class='ocrx_word' id='word_1_307' title='bbox 311 2301 446 2332; x_wconf 75' lang='lat' dir='ltr'><em>szbeck</em></span> <span class='ocrx_word' id='word_1_308' title='bbox 568 2302 607 2331; x_wconf 82' lang='lat'>81</span> <span class='ocrx_word' id='word_1_309' title='bbox 633 2300 789 2340; x_wconf 84' lang='lat' dir='ltr'>agnoscit</span> <span class='ocrx_word' id='word_1_310' title='bbox 812 2298 885 2330; x_wconf 77' lang='lat' dir='ltr'>VI&#39;.</span> <span class='ocrx_word' id='word_1_311' title='bbox 910 2298 1086 2339; x_wconf 88' lang='lat' dir='ltr'>cognoscit</span> <span class='ocrx_word' id='word_1_312' title='bbox 1105 2298 1152 2329; x_wconf 85' lang='lat' dir='ltr'>G:</span> <span class='ocrx_word' id='word_1_313' title='bbox 1184 2298 1339 2338; x_wconf 88' lang='lat' dir='ltr'>adposcit</span> <span class='ocrx_word' id='word_1_314' title='bbox 1354 2297 1524 2329; x_wconf 72' lang='lat' dir='ltr'>Baehrens</span> 
     </span>
     <span class='ocr_line' id='line_1_40' title="bbox 191 2342 1523 2386; baseline -0.003 -10"><span class='ocrx_word' id='word_1_315' title='bbox 191 2345 234 2384; x_wconf 85' lang='lat'>83</span> <span class='ocrx_word' id='word_1_316' title='bbox 257 2345 341 2386; x_wconf 90' lang='lat' dir='ltr'>non]</span> <span class='ocrx_word' id='word_1_317' title='bbox 369 2355 431 2376; x_wconf 91' lang='lat' dir='ltr'>nee</span> <span class='ocrx_word' id='word_1_318' title='bbox 458 2344 530 2376; x_wconf 89' lang='lat' dir='ltr'>Esc.</span> <span class='ocrx_word' id='word_1_319' title='bbox 659 2349 775 2375; x_wconf 87' lang='lat' dir='ltr'>sancta</span> <span class='ocrx_word' id='word_1_320' title='bbox 801 2342 915 2383; x_wconf 90' lang='lat' dir='ltr'>deum]</span> <span class='ocrx_word' id='word_1_321' title='bbox 942 2343 1103 2374; x_wconf 83' lang='lat' dir='ltr'>scadeum</span> <span class='ocrx_word' id='word_1_322' title='bbox 1129 2352 1236 2382; x_wconf 82' lang='lat' dir='ltr'>marg.</span> <span class='ocrx_word' id='word_1_323' title='bbox 1264 2346 1346 2381; x_wconf 87' lang='lat' dir='ltr'>puto</span> <span class='ocrx_word' id='word_1_324' title='bbox 1370 2351 1408 2373; x_wconf 93' lang='lat' dir='ltr'>se</span> <span class='ocrx_word' id='word_1_325' title='bbox 1436 2342 1523 2373; x_wconf 86' lang='lat' dir='ltr'>adeo</span> 
     </span>
     <span class='ocr_line' id='line_1_41' title="bbox 192 2384 1521 2425; baseline -0.004 -6"><span class='ocrx_word' id='word_1_326' title='bbox 192 2387 280 2419; x_wconf 82' lang='lat' dir='ltr'>cors.</span> <span class='ocrx_word' id='word_1_327' title='bbox 298 2399 304 2419; x_wconf 93' lang='lat'><strong>:</strong></span> <span class='ocrx_word' id='word_1_328' title='bbox 328 2393 425 2420; x_wconf 87' lang='lat' dir='ltr'>ornat</span> <span class='ocrx_word' id='word_1_329' title='bbox 453 2387 559 2419; x_wconf 83' lang='lat' dir='ltr'>V1Gr</span> <span class='ocrx_word' id='word_1_330' title='bbox 648 2388 688 2425; x_wconf 89' lang='lat'>84</span> <span class='ocrx_word' id='word_1_331' title='bbox 715 2397 777 2423; x_wconf 62' lang='lat' dir='ltr'>nec</span> <span class='ocrx_word' id='word_1_332' title='bbox 798 2386 888 2418; x_wconf 86' lang='lat' dir='ltr'>codd.</span> <span class='ocrx_word' id='word_1_333' title='bbox 905 2397 912 2416; x_wconf 90' lang='lat'>:</span> <span class='ocrx_word' id='word_1_334' title='bbox 935 2386 988 2425; x_wconf 87' lang='lat' dir='ltr'>uel</span> <span class='ocrx_word' id='word_1_335' title='bbox 1002 2385 1148 2416; x_wconf 81' lang='lat' dir='ltr'>Bembus</span> <span class='ocrx_word' id='word_1_336' title='bbox 1222 2389 1366 2417; x_wconf 88' lang='lat' dir='ltr'>euentus</span> <span class='ocrx_word' id='word_1_337' title='bbox 1383 2384 1416 2416; x_wconf 90' lang='lat' dir='ltr'><em>F</em></span> <span class='ocrx_word' id='word_1_338' title='bbox 1425 2384 1521 2416; x_wconf 85' lang='lat' dir='ltr'>Cant.</span> 
     </span>
     <span class='ocr_line' id='line_1_42' title="bbox 195 2425 1000 2463; baseline -0.002 -1"><span class='ocrx_word' id='word_1_339' title='bbox 195 2431 246 2462; x_wconf 88' lang='lat' dir='ltr'>Gr</span> <span class='ocrx_word' id='word_1_340' title='bbox 258 2431 329 2462; x_wconf 88' lang='lat' dir='ltr'>Esc.</span> <span class='ocrx_word' id='word_1_341' title='bbox 435 2431 653 2463; x_wconf 86' lang='lat' dir='ltr'>transcendat</span> <span class='ocrx_word' id='word_1_342' title='bbox 678 2425 718 2461; x_wconf 89' lang='lat' dir='ltr'>V:</span> <span class='ocrx_word' id='word_1_343' title='bbox 741 2429 1000 2462; x_wconf 73' lang='lat' dir='ltr'>transcenditn‘</span> 
     </span>
    </p>
   </div>
  </div>
 </body>
</html>
