1820 2802
701 156 1023 194 PRAEFATIO

199 266 269 304 fuit
300 279 401 316 quae
431 273 469 304 et
507 278 597 304 cum
629 267 799 315 primum
830 268 1020 316 legeretur
1050 266 1348 316 interpretantes
1378 269 1525 306 falleret

197 331 386 380 daretque
412 343 550 368 ansam
579 330 700 369 uerba
729 330 988 380 deprauandi,
1017 338 1055 369 et
1084 338 1295 380 postquam
1323 339 1459 370 ruente
1486 346 1525 371 re

198 396 382 433 Romana
401 402 601 445 grassante
622 394 800 433 barbarie
820 394 993 434 difficilia
1014 408 1195 445 quaeque
1222 394 1352 433 minus
1380 395 1528 434 intelle-

195 466 388 508 gerentur,
420 458 610 509 paulatim
656 459 786 498 labem
826 460 994 498 traheret
1033 461 1226 506 uniuersa,
1263 460 1525 510 proderetque

195 523 355 573 singulis
377 523 541 562 saeculis
562 523 855 574 corruptiorem.
907 524 985 562 Sed
1006 531 1137 562 tamen
1159 536 1205 562 ex
1226 524 1382 562 duobus
1404 523 1477 561 illis
1497 525 1531 562 C

195 594 233 626 et
248 588 291 636 S,
307 589 338 625 si
359 600 450 626 cum
467 588 684 627 recentiore
700 588 819 638 stirpe
839 587 1024 627 codicum
1045 589 1307 634 conferantur,
1322 588 1526 638 apparebit

195 659 391 701 quantum
412 651 559 691 distent
585 653 636 691 ab
657 652 815 703 integris
840 652 1077 703 interpolati,
1104 651 1200 702 quid
1230 665 1399 702 sequens
1430 652 1526 702 quid

195 716 324 755 uitans
340 718 489 755 Aetnae
510 716 637 756 editor
655 718 707 755 ad
727 718 856 755 lucem
878 716 1164 767 ueritatemque
1184 723 1444 767 peruenturus
1465 716 1523 755 sit.

195 782 274 820 Sed
296 782 347 820 de
367 782 442 820 hac
463 795 503 820 re
523 781 646 820 fusius
667 781 746 820 dixi
768 781 807 819 in
828 781 1003 821 editione
1023 795 1112 820 mea
1131 781 1224 819 anni
1250 795 1362 831 1901.

246 846 454 893 Moretum‚
504 847 613 896 quod
663 846 762 885 sicut
801 848 930 884 Aetna
980 847 1178 885 interdum
1228 845 1365 896 prioris
1415 847 1528 896 syllo-

193 922 260 960 ges
307 917 458 960 partem
506 910 607 957 facit,
652 910 850 949 interdum
904 923 1079 949 seorsum
1128 918 1327 949 exaratum
1374 911 1527 960 legitur,

194 975 295 1013 duos
324 973 486 1024 quidem
514 987 649 1013 uersus
681 977 730 1024 36
756 975 959 1013 Continuis
978 975 1090 1013 rimis
1108 977 1281 1013 calcanea
1301 976 1414 1013 scissa
1436 976 1527 1024 rige-

193 1040 295 1087 bant,
319 1050 338 1087 7
345 1050 364 1088 5
380 1039 462 1077 ffi'c
478 1040 592 1077 etiam
613 1051 771 1077 nocuum
791 1039 910 1088 capiti
919 1040 1160 1088 gelidumque
1169 1046 1352 1089 papauer
1368 1038 1526 1078 admisit

193 1116 216 1142 a
256 1102 444 1153 scriptore
486 1102 669 1141 carminis
707 1102 883 1142 alienos:
932 1104 1001 1142 sed
1051 1102 1091 1140 hi
1129 1103 1249 1141 ambo
1294 1103 1438 1142 absunt
1476 1103 1527 1141 ab

192 1166 477 1217 antiquissimis
511 1168 626 1214 MSS,
662 1174 705 1205 ut
736 1180 807 1217 pro
839 1166 1082 1217 interpolatis
1112 1167 1251 1206 merito
1283 1168 1527 1215 habeantur3

193 1239 323 1270 cetera
343 1231 383 1270 in
408 1231 581 1270 carmine
601 1239 668 1270 aut
689 1245 843 1280 manca,
863 1234 972 1270 uelut
996 1244 1055 1281 77,
1078 1239 1144 1270 aut
1165 1231 1303 1271 leuiter
1332 1239 1525 1282 corrupta,

194 1298 302 1335 uelut
338 1310 383 1347 13
417 1296 554 1347 (quem
585 1296 733 1347 optime
760 1296 925 1335 correxit
958 1295 1253 1347 Buechelerus),
1281 1308 1324 1346 15
1362 1298 1412 1335 de
1446 1309 1526 1346 quo

193 1363 324 1401 adhuc
355 1362 574 1411 ambigitur,
600 1364 660 1410 66,
699 1363 760 1409 80,
797 1369 863 1400 aut
897 1361 1070 1400 difficilia
1101 1369 1254 1400 tantum
1287 1369 1324 1400 et
1357 1361 1527 1400 incertae

195 1426 465 1477 explicationis
490 1433 591 1464 sunt.
652 1427 756 1465 Nam
784 1425 825 1464 in
854 1425 1082 1465 uniuersum
1110 1426 1302 1465 habemus
1332 1425 1525 1476 integrum

193 1504 336 1541 poema
363 1490 639 1541 sincerumque
670 1498 708 1529 et
741 1492 857 1540 quale
883 1504 906 1529 a
936 1503 1008 1529 suo
1029 1489 1216 1540 scriptore
1237 1489 1415 1529 relictum
1446 1497 1527 1529 est:

193 1568 267 1594 nec
292 1568 356 1594 me
383 1555 480 1593 nihil
508 1556 626 1594 credo
646 1556 698 1594 ad
717 1556 794 1593 hoc
822 1556 1119 1593 emendandum
1146 1556 1339 1604 profuisse
1369 1554 1527 1594 codices

192 1627 259 1658 aut
280 1632 407 1658 nouos
428 1621 666 1670 proferendo
686 1626 753 1657 aut
774 1633 911 1670 parum
933 1626 1049 1657 notos
1070 1620 1203 1658 denuo
1225 1618 1472 1658 excutiendo.

254 1686 359 1734 Copa
379 1692 469 1734 post
485 1684 622 1734 Silligii
644 1684 936 1734 Ribbeckiique
957 1697 1068 1722 curas
1090 1683 1157 1734 qui
1182 1683 1354 1723 sinceros
1369 1684 1526 1723 codices

198 1749 313 1800 primi
352 1750 614 1789 exhibuerunt
653 1763 779 1800 pauca
812 1757 966 1788 tantum
1007 1749 1127 1788 habet
1166 1762 1268 1799 quae
1299 1751 1526 1800 scrupulum

198 1822 410 1853 moueant:
442 1826 462 1865 5
493 1815 595 1864 topia
625 1819 661 1852 et
681 1815 837 1863 kalibes,
861 1826 906 1864 25
933 1814 1086 1852 caliln'ta
1107 1815 1154 1852 al.
1177 1815 1334 1862 alibidcn
1360 1815 1407 1852 28
1430 1827 1526 1861 uere,

196 1893 243 1930 29
267 1893 378 1927 nunc,
401 1882 448 1929 36
470 1880 556 1918 ista.

253 1945 393 1983 Culicis
427 1944 557 1983 media
596 1950 654 1982 est
684 1942 880 1991 condicio,
916 1956 991 1982 nec
1026 1944 1168 1981 multas
1203 1943 1526 1993 interpolationes

195 2009 299 2059 passi
316 2017 354 2048 et
371 2008 502 2048 multis
517 2016 650 2048 tamen
671 2007 776 2047 uitiis
789 2007 1015 2055 laborantis,
1029 2007 1240 2058 praecipue
1261 2006 1300 2045 in
1321 2007 1527 2057 prooemio

193 2074 337 2126 (1-41)
385 2081 424 2113 et
475 2087 539 2112 uu.
587 2075 782 2122 260-380‚
825 2072 969 2122 quibus
1010 2071 1076 2110 uix
1122 2073 1202 2110 ulla
1249 2085 1336 2122 pars
1385 2073 1524 2111 horum

196 2139 478 2189 opusculorum
509 2137 739 2188 interpretes
771 2136 893 2187 magis
924 2136 1092 2175 detinuit
1127 2136 1388 2186 exercuitque.
1451 2136 1527 2174 Vni

193 2210 327 2242 tamen
375 2204 464 2242 loco
512 2201 758 2241 Ribbeckius
813 2209 960 2240 certam
1015 2202 1211 2239 medelam
1258 2200 1388 2239 attulit
1435 2213 1526 2239 curn

193 2281 230 2306 u.
255 2281 332 2318 334
351 2280 423 2317 pro
443 2274 626 2318 corrupta
645 2266 816 2305 lectione
836 2266 1021 2304 codicum
1037 2278 1154 2314 gener
1164 2266 1304 2315 amplis
1319 2264 1527 2314 corrigeret

189 2345 415 2382 generamen
426 2333 553 2382 prolis
568 2346 579 2380 3
608 2331 717 2370 alteri
738 2344 811 2370 nos
832 2330 906 2382 ipsi
920 2329 1100 2381 opitulati
1114 2343 1249 2369 sumus
1266 2343 1357 2369 cum
1372 2331 1526 2368 Romae

196 2403 486 2436 commorantes
524 2409 570 2435 ac
609 2396 744 2436 nescio
783 2408 861 2447 qua
903 2397 1059 2435 fortuna
1098 2395 1157 2434 usi
1196 2408 1242 2434 ex
1291 2394 1526 2434 Corsiniano

852 2474 888 2498 x1
