1820 2802
1349 188 1498 226 CIRIS

172 299 303 338 dulcia
331 299 476 338 deinde
505 298 621 348 genis
643 297 864 336 rorantibus
894 298 1028 335 oscula
1058 297 1180 346 figens

173 363 417 413 persequitur
446 362 609 401 miserae
639 375 775 400 causas
805 360 1005 411 exquirere
1035 360 1147 407 tabis,

173 441 246 467 nec
275 435 407 466 tamen
435 435 527 465 ante
556 428 653 465 ullas
683 426 827 476 patitur
856 425 930 464 sibi
959 426 1123 464 reddere
1152 437 1282 470 uoces,
1436 440 1499 471 255

173 505 435 530 marmoreum
466 492 726 530 tremebunda
755 491 898 541 pedem
929 503 1049 540 quam
1079 489 1224 528 rettulit
1253 488 1363 527 intra.

171 556 236 594 illa
264 563 397 595 autem
430 555 549 606 ‘quid
578 558 670 593 enim
701 556 787 593 me'
817 554 943 604 inquit
976 553 1193 592 ‘nutricula
1221 554 1413 605 torques?

173 620 269 671 quid
298 628 450 659 tantum
481 633 665 670 properas
694 626 848 657 nostros
877 617 1036 657 nouisse
1065 619 1242 657 furores?

174 698 255 724 non
285 698 358 734 ego
388 692 578 726 consueto
608 683 838 722 mortalibus
868 696 958 721 uror
986 696 1130 733 amore,

175 762 247 787 nec
277 748 373 786 mihi
403 736 587 787 notorum
617 749 834 786 deflectunt
864 747 1013 785 lumina
1043 749 1186 794 uultus,
1442 753 1504 784 260

174 827 246 852 nec
275 813 428 864 genitor
456 812 565 852 cordi
595 820 676 852 est:
716 814 817 851 ultro
848 825 1018 862 namque
1047 812 1204 851 odimus
1234 811 1373 850 omnis.

174 879 227 916 nil
256 885 361 916 amat
391 877 454 915 hic
483 876 648 924 animus,
680 876 818 923 nutrix,
851 877 960 926 quod
989 884 1143 926 oportet
1172 876 1303 922 amari,

174 942 214 980 in
244 955 324 992 quo
354 943 449 980 falsa
478 949 610 980 tamen
640 943 756 980 lateat
786 940 940 991 pietatis
970 940 1110 990 imago,

174 1008 245 1046 sed
274 1006 404 1046 media
433 1020 479 1045 ex
507 1006 591 1045 acie
621 1005 840 1056 mediisque
870 1020 916 1044 ex
945 1005 1136 1044 hostibus.
1196 1007 1272 1044 heu
1303 1007 1379 1044 heu

177 1071 273 1122 quid
303 1070 446 1119 dicam,
478 1084 609 1121 quoue
634 1080 753 1120 jaegra
783 1072 929 1108 malum
961 1070 1038 1108 hoc
1068 1069 1245 1108 exordiar
1274 1071 1370 1109 ore?
1444 1076 1505 1117 265

177 1136 307 1175 dicam
337 1135 534 1186 equidem,
567 1134 755 1186 quoniam
786 1142 827 1174 tu
858 1148 922 1174 me
952 1134 1048 1185 quid
1078 1134 1218 1183 dicere,
1251 1135 1391 1182 nutrix,

178 1215 259 1240 non
288 1200 411 1239 sinis?
449 1208 665 1253 extremum
696 1202 772 1239 hoc
802 1214 945 1239 munus
976 1200 1178 1239 morientis
1206 1201 1363 1239 habeto.

176 1266 250 1314 ille,
283 1266 404 1314 uides,
437 1266 578 1305 nostris
608 1266 675 1316 qui
705 1266 913 1305 moenibus
943 1265 1087 1305 assidet
1117 1265 1254 1314 hostis,

178 1345 304 1381 quem·
325 1338 434 1382 pater
462 1331 546 1382 ipse
575 1332 695 1370 deum
725 1330 867 1381 sceptri
897 1330 1061 1369 donauit
1092 1332 1253 1377 honore,

155 1395 239 1434 [cui
270 1397 414 1434 Parcae
442 1395 612 1434 tribuere
642 1409 714 1434 nec
744 1397 824 1434 ullo
854 1397 1015 1434 uulnere
1044 1395 1158 1443 laedi,
1446 1412 1509 1444 270

177 1460 410 1510 (dicendum
440 1468 508 1508 est,
541 1462 680 1499 frustra
709 1460 857 1499 circum
886 1462 1010 1499 uehor
1039 1460 1173 1499 omnia
1202 1460 1350 1511 uerbis)

176 1525 241 1563 ille
270 1538 368 1573 mea,
399 1525 463 1564 ille
492 1525 597 1564 idem
628 1533 830 1576 oppugnat
859 1525 1087 1575 praecordia
1117 1525 1263 1564 Minos.

178 1591 287 1639 quod
317 1603 386 1639 per
414 1597 452 1628 te
481 1589 619 1628 diuum
649 1590 806 1629 crebros
837 1597 1025 1628 testamur
1053 1603 1216 1637 amores,

178 1667 325 1705 perque
354 1662 466 1693 tuum
496 1655 661 1693 memori
690 1656 855 1694 ductum
884 1654 981 1693 mihi
1010 1662 1148 1706 pectus
1176 1651 1371 1703 alumnae,

697 1735 775 1784 '267
800 1740 865 1771 Ecl.
883 1741 912 1771 8.
932 1742 975 1772 60
1001 1732 1034 1749 μ’

222 1827 284 1856 253
303 1817 436 1856 fingens
453 1816 486 1847 R
552 1852 563 1858 ἱ
575 1827 638 1856 254
656 1818 872 1857 persequitur
886 1817 933 1849 ed.
949 1827 1048 1856 1507:
1073 1818 1288 1857 prosequitur
1299 1817 1367 1849 AR
1426 1817 1512 1848 tabis

181 1871 213 1891 u.
233 1861 263 1892 d.
297 1861 480 1892 Obseruatt.
509 1860 550 1891 II.
579 1870 662 1899 321:
696 1860 775 1891 talis
801 1861 854 1891 R:
889 1861 974 1891 tales
999 1861 1037 1899 U,
1060 1860 1094 1891 A
1112 1872 1190 1893 corr.
1324 1863 1388 1900 256
1411 1871 1510 1901 quem

181 1906 355 1944 (suprascr.
385 1903 498 1943 quam)
523 1904 580 1934 A:
613 1914 713 1943 quem
741 1904 773 1934 R
862 1904 1027 1935 retulitA
1146 1915 1208 1943 257
1234 1904 1311 1944 quid
1339 1904 1428 1935 enim
1457 1915 1510 1935 me

180 1948 300 1988 (3quid
317 1957 380 1986 me,
395 1947 511 1987 inquit,
527 1948 631 1984 enim]
646 1948 776 1988 scripsi:
801 1948 892 1987 quod
910 1958 963 1978 me
977 1948 1086 1987 inquit
1098 1948 1264 1979 nutricula
1280 1948 1314 1978 R
1331 1960 1338 1979 ι
1362 1948 1441 1987 quid
1459 1958 1512 1978 me

182 1992 360 2030 (suprascr.
386 1992 488 2028 nunc)
508 1990 528 2021 i.
550 2001 582 2022 n.
600 1989 633 2020 A
653 2002 659 2021 :
682 1991 760 2030 quid
779 2001 868 2021 nunc
888 2001 942 2022 me
964 1991 1071 2031 inquit
1091 1991 1140 2021 U:
1164 1992 1244 2031 quid
1268 2002 1321 2022 me
1345 1992 1453 2030 inquit
1478 1992 1511 2022 io

181 2032 352 2070 Heinsius,
371 2032 491 2074 Haupt
507 2046 513 2064 ε
536 2034 616 2072 quid
633 2034 682 2065 sic
699 2044 752 2064 me
770 2035 879 2074 inquit
894 2033 961 2065 Leo
1081 2036 1144 2065 262
1168 2045 1230 2074 par
1245 2036 1289 2066 sit
1300 2040 1362 2075 pro
1378 2039 1513 2074 oportet

182 2076 380 2107 Lachmann
408 2077 455 2107 ad
473 2077 569 2107 Lucr.
596 2077 618 2108 Ι.
646 2079 708 2116 778
858 2078 960 2108 amari
986 2089 1024 2108 ex
1050 2088 1162 2108 amare
1188 2078 1221 2107 A
1371 2080 1435 2117 263
1460 2078 1509 2119 in]

182 2120 228 2150 nil
257 2120 370 2160 Heyne
458 2122 520 2159 264
547 2121 667 2151 mediis
685 2121 766 2162 (om.
785 2122 865 2161 que)
884 2121 956 2152 AU
1070 2122 1135 2152 heu
1165 2121 1197 2152 U
1324 2123 1387 2160 265
1413 2131 1513 2160 aegra

185 2162 371 2232 Bag’lzrens:
396 2174 494 2203 agam
523 2163 616 2194 AR:
641 2174 723 2195 ausa
740 2164 841 2205 Sillzgr
971 2166 1037 2195 266
1061 2170 1095 2196 tu
1123 2175 1177 2195 me
1204 2164 1286 2203 quid
1313 2165 1344 2195 d.
1375 2164 1512 2205 scripsi:
1544 2176 1555 2184 ·

182 2215 230 2238 qur
469 2216 497 2232 re

183 2244 254 2270 tum
281 2250 348 2270 non
377 2241 504 2270 diceret
521 2240 554 2270 A
576 2240 646 2281 (sic)
667 2252 672 2270 :
697 2245 732 2271 tu
760 2251 828 2271 non
858 2242 889 2272 d.
915 2241 968 2271 R:
994 2241 1072 2281 quid
1100 2252 1166 2271 non
1192 2241 1252 2271 tibi
1279 2241 1328 2271 U:
1353 2241 1433 2281 quid
1459 2251 1512 2272 me

184 2283 242 2313 tibi
260 2283 307 2315 ed.
328 2293 408 2323 1507
428 2295 433 2314 :
458 2284 517 2314 tibi
542 2294 594 2314 me
618 2294 686 2314 non
711 2285 823 2315 dicere
840 2284 989 2324 Schenkl,
1010 2284 1166 2315 Ribbeck:
1191 2289 1226 2315 tu
1244 2295 1296 2315 me
1315 2295 1382 2315 non
1400 2285 1514 2315 dicere
1543 2304 1546 2307 v

184 2326 352 2357 Baehrens
441 2338 504 2366 270
528 2327 584 2366 qui
605 2327 639 2357 U
716 2328 863 2358 tribuere
880 2329 1057 2368 (suprascr.
1077 2328 1240 2369 tribuunt)
1258 2328 1291 2358 A
1383 2328 1510 2369 u110]f.

186 2379 252 2401 uno
339 2380 400 2409 271
427 2376 479 2401 est
492 2381 557 2402 om.
581 2370 615 2401 U
695 2381 758 2411 273
783 2381 844 2410 per
869 2376 902 2402 te
927 2371 1017 2402 AR:
1041 2376 1074 2402 te
1091 2381 1152 2411 per
1169 2371 1259 2412 uulg.
1351 2376 1516 2403 testamur

184 2411 217 2443 R
232 2423 238 2442 :
262 2416 405 2444 testatur
423 2416 597 2455 (suprascr.
616 2414 778 2454 obtestor)
798 2414 830 2444 A
929 2425 990 2454 274
1017 2415 1174 2446 memoris
1192 2414 1224 2444 A
1231 2415 1297 2445 RU
1382 2420 1515 2446 auctum

186 2455 219 2485 R
243 2460 271 2486 ct
302 2456 474 2496 (suprascr.
505 2457 677 2491 haustum)
709 2457 765 2488 A:
800 2459 939 2489 memori
972 2460 1127 2490 haustum
1159 2458 1324 2499 Scaltgcr:
1363 2464 1514 2489 sanctum

186 2499 306 2540 Sc'lltgz
330 2505 460 2530 suetum
484 2500 625 2541 Haupt:
650 2501 784 2532 ductum
808 2502 924 2543 scripsi
