1820 2802
1371 183 1520 220 CIRIS

161 346 164 349 Ι
191 292 260 330 sed
292 291 408 341 patris
439 291 626 329 incolumi
658 290 787 341 potius
817 291 1018 329 denubere
1049 304 1168 340 regno
1404 302 1414 357 ἒ
1462 307 1523 338 330

188 363 307 406 atque
336 355 487 411 aliquos
517 363 648 394 tamen
679 369 764 394 esse
794 355 890 394 uelis
920 355 1002 403 tibi,
1033 357 1203 403 alumna,
1236 355 1418 408 penatis!-

189 421 264 459 hoe
295 434 417 458 unum
448 420 564 459 exitio
595 421 713 459 docta
741 428 860 470 atque
890 428 1047 471 experta
1077 420 1263 459 monebo.

189 486 297 534 quod
327 484 358 522 si
388 475 468 523 non
498 484 573 522 alia
602 485 746 535 poteris
777 485 926 523 ratione
956 492 1159 535 parentem

188 550 344 587 flectere
375 547 461 599 (sed
491 549 661 599 poteris:
700 548 797 599 quid
827 549 932 587 enim
963 535 1191 588 nonlunica
1220 548 1347 599 possis
1360 549 1394 600 ?)

188 620 229 651 tu
260 613 390 663 potius
420 620 553 651 tamen
582 614 670 661 ista,
698 613 765 663 pio
795 626 885 666 cum
916 613 998 652 iure
1026 603 1171 660 licebit,
1457 629 1518 662 335

187 690 277 715 cum
308 677 399 728 facti
428 691 585 717 causam
616 684 852 727 tempusque
881 676 1027 716 doloris
1057 676 1234 724 habebis,

190 749 284 780 tune
313 741 444 792 potius
474 731 616 780 conata
646 749 713 780 tua
741 749 860 792 atque
890 742 1047 792 incepta
1077 743 1228 789 referto,

190 819 331 856 meque
361 808 538 856 deosque
567 806 639 844 tibi
668 806 843 854 comites,
877 820 965 845 mea
993 808 1163 854 alumna,
1195 807 1345 844 futuros

187 870 398 921 polliceor:
439 871 535 909 nihil
566 878 634 918 est,
667 873 775 921 quod
806 871 946 909 texitur
975 870 1124 919 ordine,
1156 872 1342 920 longum.'

243 935 319 974 His
349 936 417 974 ubi
448 935 635 974 sollicitos
665 935 787 973 animi
817 937 1059 974 releuauerat
1087 943 1218 974 aestus
1455 952 1519 984 340

185 999 352 1038 uocibus
381 1007 419 1038 et
448 1000 595 1038 blanda
624 1007 761 1050 pectus
791 1013 860 1050 spe
889 1001 1032 1038 luserat
1060 1012 1230 1049 aegrum,

187 1064 375 1114 paulatim
406 1065 666 1102 tremebunda
695 1062 804 1114 genis
834 1064 1034 1103 obducere
1063 1071 1214 1103 uestem

187 1128 346 1178 uirginis
376 1136 414 1167 et
443 1128 640 1178 placidam
670 1128 843 1167 tenebris
873 1135 1030 1178 captare
1060 1128 1245 1178 quietem,

185 1187 345 1231 inuersb'
372 1193 552 1231 bibulum
582 1193 826 1244 restinguens
855 1195 990 1232 lumen
1020 1193 1138 1241 oliuo]

185 1257 332 1308 incipit,
363 1259 414 1297 ad
444 1259 671 1308 crebrosque
699 1258 826 1296 insani
856 1258 1024 1308 pectoris
1054 1258 1153 1297 ictus
1455 1275 1515 1308 345

186 1324 283 1362 ferre
313 1336 484 1371 manum,
517 1323 683 1362 assiduis
714 1325 890 1363 mulcens
921 1324 1149 1374 praecordia
1178 1324 1327 1374 palmis.

187 1396 345 1427 noctem
375 1388 481 1426 illam
512 1387 566 1426 sic
597 1396 745 1427 maesta
775 1402 891 1438 super
920 1388 1122 1427 morientis
1152 1389 1336 1427 alumnae

184 1452 386 1508 frigidukos
404 1452 551 1509 {cubito
581 1446 751 1491 subnisa?
769 1453 958 1503 pependit
988 1455 1145 1503 ocellos.

242 1520 402 1556 Postera
431 1519 496 1556 lux
526 1517 591 1556 ubi
623 1519 724 1556 laeta
753 1517 859 1556 diem
891 1517 1120 1556 mortalibus
1150 1519 1310 1565 almum,

185 1589 223 1621 et
251 1582 381 1632 gelida
410 1581 621 1632 (uenientis
651 1582 771 1633 enim)
804 1582 1005 1632 quatiebat
1034 1583 1085 1621 ab
1115 1583 1217 1621 Oeta
1451 1598 1511 1630 350

227 1696 292 1725 330
326 1685 496 1716 denubere
529 1685 562 1716 R
577 1696 584 1715 z
609 1685 780 1715 denubere
803 1685 983 1725 (suprascr.
1014 1691 1047 1716 te
1073 1685 1213 1716 nubere*¹
1245 1685 1276 1714 A
1451 1696 1512 1725 331

186 1731 284 1760 uelim
303 1740 334 1761 u.
353 1729 384 1760 d.
402 1728 495 1760 Misc.
516 1727 699 1760 Obseruatt.
717 1728 773 1759 IV.
793 1739 854 1767 327
988 1738 1052 1767 332
1075 1729 1177 1759 exilio
1193 1728 1371 1767 Baehrens,
1389 1733 1516 1759 secutus

184 1771 275 1803 Misc.
299 1771 484 1803 Obseruatt.
505 1771 560 1802 1V.
577 1782 640 1811 327
730 1781 795 1810 335
821 1777 855 1802 tu
869 1772 963 1812 (tunc
984 1772 1027 1809 U)
1040 1772 1152 1810 potius
1168 1776 1281 1802 tamen
1300 1772 1373 1811 ipsa
1387 1772 1514 1803 ARU:

187 1821 255 1847 tum
266 1815 387 1855 Haupt
480 1815 543 1845 ista
555 1826 586 1846 u.
601 1815 632 1846 d.
646 1815 703 1845 ubi
716 1819 819 1854 snpra
954 1816 1017 1854 336
1041 1820 1107 1845 tem
1114 1825 1175 1854 pus
1186 1825 1386 1854 causamque
1400 1815 1443 1855 A,
1463 1816 1519 1846 scd

184 1859 312 1890 adiectis
328 1858 605 1889 notisinuertendi
617 1858 662 1897 :f.
677 1858 755 1889 facti
773 1863 906 1897 tempus
924 1868 1126 1898 causamque
1144 1858 1273 1889 doloris
1346 1868 1409 1898 337
1435 1863 1514 1890 tunc

185 1902 310 1933 ARU:
335 1908 404 1933 tum
415 1901 534 1941 Haupt
619 1906 676 1932 tua
688 1902 721 1932 R
736 1913 742 1931 ε
760 1906 816 1932 tue
832 1904 1009 1943 (suprascr.
1026 1902 1097 1941 tuo)
1110 1901 1143 1931 A
1160 1913 1167 1932 :
1189 1907 1246 1933 tuo
1262 1902 1295 1932 U
1381 1903 1514 1942 incepta

184 1946 230 1977 ed.
247 1945 560 1985 Caesaraugustana
580 1955 685 1984 1513:
710 1945 838 1975 ineerta
857 1945 966 1975 ARU
1093 1946 1157 1984 338
1181 1946 1331 1984 deosque
1357 1945 1407 1976 U:
1431 1946 1514 1976 deos

185 1988 252 2019 RA
347 1989 428 2028 fort.
446 1998 565 2027 meque
592 1989 674 2018 deos
691 1988 750 2019 tibi
767 1993 836 2019 turn
854 1998 880 2018 e.
901 1999 943 2019 m.
964 1999 992 2019 a.
1013 1989 1164 2019 daturam
1182 1989 1344 2028 polliceor
1449 1999 1514 2028 339

185 2031 288 2063 nichil
306 2037 358 2062 est
375 2032 464 2071 quod
481 2032 609 2062 texitur
619 2032 738 2062 ordine
756 2032 892 2070 longum
909 2035 1048 2071 excerpta
1065 2031 1129 2062 cod.
1145 2032 1252 2063 Paris.
1267 2034 1350 2071 7647
1367 2036 1396 2062 et
1409 2042 1513 2072 17903

185 2076 294 2106 texuit
309 2075 342 2105 R
358 2087 365 2106 ε
390 2079 484 2106 texat
501 2075 534 2105 in
556 2074 604 2105 U:
629 2076 737 2106 texuit
756 2077 932 2116 (suprascr.
950 2079 1043 2105 texat
1060 2076 1109 2115 in)
1128 2075 1160 2104 A
1308 2075 1395 2114 quod
1417 2080 1514 2106 texas

184 2119 304 2150 ordine
319 2118 428 2149 Naeke
443 2118 515 2149 Dz'r.
529 2123 565 2158 p.
589 2128 647 2157 137
808 2128 873 2156 340
896 2118 951 2149 hie
968 2117 1062 2149 AR:
1087 2118 1140 2158 bic
1169 2118 1217 2148 U:
1246 2118 1298 2148 his
1323 2118 1368 2150 ed.
1400 2118 1510 2149 colon.

188 2171 268 2201 1545
358 2161 584 2202 releuauerat]
610 2161 644 2191 in
671 2161 704 2190 A
725 2162 888 2201 posterior
912 2171 1035 2192 manus
1050 2161 1060 2191 i
1076 2162 1307 2201 suprascm'psit
1450 2172 1509 2201 341

185 2205 329 2236 iusserat
348 2205 523 2246 (suprascr.
539 2205 680 2242 uiserat)
696 2205 729 2234 A
744 2217 750 2236 z
775 2205 918 2235 iusserat
929 2204 963 2235 R
979 2215 985 2235 :
1007 2205 1131 2235 uiserat
1147 2204 1180 2234 U
1190 2216 1196 2235 :
1214 2205 1342 2235 uicerat
1352 2204 1491 2235 Iuntina
1507 2217 1513 2236 ;

185 2249 342 2280 uinxerat
357 2247 437 2281 Ald.
458 2258 556 2287 1517:
581 2247 706 2278 luserat
722 2247 802 2278 Ald.
827 2257 907 2287 1534
1031 2257 1094 2286 343
1119 2252 1236 2287 aptare
1252 2247 1364 2288 Sillz'g:
1390 2247 1514 2278 lactare

185 2291 221 2321 K
222 2302 340 2323 reunen
385 2302 449 2331 344
463 2292 676 2330 restinguens
686 2291 904 2322 Corsim'anus
915 2303 922 2322 ε
933 2291 1164 2330 restringuens
1176 2290 1267 2331 Clng.
1283 2302 1289 2321 z
1302 2291 1513 2330 restringens

186 2334 257 2365 AR
331 2345 393 2374 345
416 2345 482 2374 que
497 2345 562 2365 orn.
576 2334 686 2365 ARU
750 2335 814 2373 348
837 2334 974 2365 subnisa
986 2334 1102 2374 scripsi
1117 2345 1124 2364 :
1140 2333 1282 2365 subnixa
1294 2334 1381 2366 codd.
1450 2344 1515 2373 350

187 2377 299 2417 gelida
334 2377 375 2415 R,
422 2378 554 2417 geliada
597 2377 631 2408 A
661 2389 704 2409 m.
735 2383 801 2418 pr„
834 2381 910 2419 post
945 2381 1119 2408 correctum
1157 2377 1189 2407 in
1224 2377 1333 2416 gelido
1349 2389 1355 2408 ε
1400 2378 1512 2416 gelido
