1820 2802
1152 167 1524 206 CATALEPTON

258 288 374 326 saepe
404 275 543 315 rubrae
572 274 709 315 similis
739 275 929 326 sanguine
959 275 1067 315 fluxit
1096 277 1269 323 humus3

203 338 306 388 regia
335 352 416 379 non
446 341 613 388 Semele,
642 353 723 380 non
755 340 912 380 Inachis
942 341 1161 389 Acrisione,

256 403 397 443 immiti
427 411 607 455 expertae
636 404 800 444 fulmine
829 412 867 444 et
897 405 1021 445 imbre
1052 407 1218 453 Iouem;

202 479 282 506 non
312 468 423 507 cuius
452 476 565 519 raptu
595 469 698 519 pulsi
727 470 876 520 liquere
906 470 1058 520 penatis
1484 486 1523 519 35

254 532 460 583 Tarquinii
489 533 646 584 patrios,
678 534 780 574 filius
809 542 927 585 atque
956 542 1075 585 pater,

200 595 266 635 illo
295 610 376 647 quo
405 598 574 649 primum
606 599 832 638 dominatus
863 601 994 638 Roma
1022 600 1212 650 superbos

254 662 422 701 mutauit
450 662 615 713 placidis
644 670 822 714 ternpore
851 664 1090 703 consulibus.

200 727 323 764 multa
351 739 480 777 neque
509 727 713 766 immeritis
743 728 907 767 donauit
936 728 1109 779 praemia
1137 728 1317 776 alumnis,

251 791 424 841 praemia
454 791 651 831 Messallis
681 792 851 832 maxima
881 793 1107 832 Publicolis.
1480 809 1524 839 40

197 867 290 893 nam
320 855 413 906 quid
443 869 516 906 ego
545 856 727 896 immensi
757 870 974 897 memorem
1005 857 1135 897 studia
1160 857 1233 896 ista
1261 857 1437 897 laboris?

251 920 409 960 horrida
437 921 533 972 quid
562 922 683 961 durae
713 929 891 973 tempora
920 922 1110 961 militiae?

197 991 323 1023 castra
350 986 435 1024 foro
464 987 579 1033 tolles,
611 986 698 1025 u‘rbi
727 1000 969 1038 praeponere
998 993 1134 1035 castra,

250 1056 330 1087 tam
359 1051 496 1100 procul
525 1052 623 1090 haec
651 1059 781 1102 gnato,
814 1059 894 1091 tam
923 1053 1060 1102 procul
1089 1052 1188 1090 haec
1216 1051 1369 1101 patria?

196 1113 454 1154 immoderata
483 1115 562 1165 pati
592 1115 669 1154 iarn
699 1115 837 1164 sidera,
868 1116 1026 1167 iamque
1055 1118 1232 1155 calores?
1477 1132 1519 1164 45

249 1186 420 1219 sternere
449 1181 512 1219 uel
541 1180 638 1219 dura
667 1193 783 1231 posse
812 1194 927 1232 super
956 1181 1092 1220 silice?

195 1256 312 1294 saepe
342 1251 491 1283 trucem
521 1246 688 1284 aduerso
717 1245 867 1296 perlabi
897 1246 1023 1285 sidere
1051 1247 1252 1296 pontum?

249 1321 366 1360 saepe
395 1322 502 1349 mare
529 1311 717 1350 audendo
746 1310 915 1358 uincere,
948 1323 1065 1361 saepe
1095 1310 1298 1349 hiemem?

195 1386 312 1424 saepe
341 1375 458 1413 etiam
488 1376 633 1414 densos
662 1375 871 1415 immittere
901 1388 1043 1426 corpus
1072 1375 1112 1414 in
1142 1375 1277 1422 hostis,

248 1451 502 1478 communem
532 1439 624 1478 belli
653 1453 727 1479 nec
756 1439 984 1479 meminisse
1013 1441 1163 1479 deum?
1478 1456 1520 1489 50

193 1516 300 1542 nunc
329 1505 474 1543 celeres
503 1505 631 1551 Afros,
662 1504 839 1555 periurae
868 1504 975 1544 milia
1003 1504 1140 1555 gentis,

234 1615 276 1644 32
301 1606 421 1637 rubrae
437 1606 568 1647 scrz'pS2‘:
595 1606 696 1638 rubro
712 1605 804 1638 codd.
909 1607 1027 1638 similis
1042 1606 1130 1638 codd.
1149 1618 1156 1638 ε
1179 1607 1313 1647 pinguis
1328 1606 1517 1640 Baehrens:

192 1649 329 1681 immitis
345 1649 531 1682 Sabbadini
545 1660 552 1680 :
578 1649 670 1680 Eleis
686 1649 787 1690 uulgo
874 1660 916 1689 33
939 1651 984 1681 sic
996 1650 1039 1690 B,
1059 1651 1152 1682 ceteri
1163 1650 1280 1681 codices
1298 1660 1434 1681 uersum
1451 1661 1518 1682 non

192 1692 312 1723 habent
319 1698 450 1734 praeter
461 1693 620 1724 initialem
639 1693 681 1732 R,
702 1693 796 1724 habet
811 1693 938 1724 Aldina
958 1703 1039 1733 1517
1153 1703 1195 1733 34
1219 1694 1327 1724 inmiti
1341 1693 1395 1726 B:
1421 1694 1517 1724 inuiti

192 1734 265 1767 Ar:
291 1736 412 1767 inmitti
429 1735 470 1765 M
482 1748 489 1767 :
513 1736 664 1767 inmitem
681 1735 784 1767 editor
798 1735 993 1767 Oxom'ensis
1009 1736 1154 1778 (Parker
1169 1737 1267 1777 1889)
1357 1741 1518 1777 expertae

192 1778 360 1820 Scaliger:
394 1784 551 1820 expectat
575 1779 628 1811 B:
662 1784 845 1819 expectant
869 1779 979 1810 MAr
996 1791 1017 1810 u
1039 1779 1125 1812 Med.
1275 1789 1316 1819 35
1349 1780 1444 1811 cuius
1475 1781 1519 1810 ob

192 1826 323 1862 raptum
340 1821 384 1862 B,
403 1822 511 1862 Meyer
525 1822 648 1862 (Antlz.
668 1822 740 1854 Lat.
764 1822 787 1854 Ῑ.
805 1828 840 1863 p.
859 1823 917 1863 47)
934 1834 940 1855 z
970 1823 1013 1854 ob
1034 1823 1128 1854 cuius
1144 1824 1242 1859 (cuns
1264 1822 1365 1864 Med.)
1384 1827 1516 1862 raptum

192 1865 283 1904 (-tim
308 1864 412 1904 Med.)
438 1865 480 1896 M
500 1865 610 1897 Med.:
640 1865 762 1896 obuius
786 1866 908 1905 raptim
931 1865 988 1895 Ar
1135 1867 1178 1905 36
1200 1866 1441 1906 Tarquiniique
1463 1866 1519 1897 B:

191 1908 353 1948 Tarquini
372 1908 462 1939 Aru
592 1909 635 1947 38
661 1913 814 1949 tempore
834 1908 916 1940 Ald.
943 1918 1022 1948 1517
1042 1921 1049 1940 :
1075 1914 1228 1948 tempora
1251 1908 1340 1940 codd.
1474 1920 1518 1948 40

191 1951 382 1991 plublicolis
404 1951 438 1982 B
583 1961 625 1990 43
648 1956 758 1983 castra
782 1952 856 1983 foro
880 1956 990 1983 castra
1013 1952 1070 1983 B:
1102 1952 1123 1983 f.
1149 1952 1267 1983 solitos
1284 1952 1326 1981 M
1338 1951 1394 1982 Ar
1407 1951 1516 1985 Mean:

191 1995 212 2025 f.
225 1994 333 2026 solitis
346 2006 377 2034 u,
395 1994 440 2027 ed.
457 2004 539 2033 1473
556 2006 564 2026 :
586 1995 660 2025 foro
676 2000 709 2026 te
725 1999 835 2026 castra
846 1994 1040 2026 Buecheler:
1064 1995 1084 2026 f.
1100 1995 1200 2026 toties
1215 1995 1330 2035 scripsi
1370 1995 1451 2026 urbe
1462 1995 1495 2025 B
1509 2007 1516 2027 :

191 2037 248 2068 ubi
265 2037 323 2068 Ar
449 2048 491 2078 44
514 2038 579 2068 hoc
594 2043 697 2077 gnato
713 2037 745 2068 Β
760 2050 766 2068 :
792 2039 855 2069 hoc
868 2043 948 2069 nato
964 2038 1113 2070 ArMed.
1132 2050 1139 2069 :
1161 2048 1198 2069 ac
1215 2039 1300 2069 irato
1316 2038 1378 2069 M:
1401 2049 1420 2069 a
1436 2043 1517 2069 nato

191 2080 374 2112 Francius:
398 2081 460 2112 hoc
483 2081 580 2112 Latio
601 2080 780 2113 Werm'cke:
805 2082 868 2112 hac
883 2081 916 2111 Β
929 2081 1076 2112 ArMed.
1094 2093 1100 2113 :
1126 2091 1163 2113 ac
1181 2081 1223 2111 M
1350 2081 1435 2112 haec
1452 2104 1459 2112 .
1478 2104 1487 2112 .
1506 2104 1514 2113 .

190 2124 274 2154 haec
288 2125 403 2165 scripsi
539 2133 580 2163 45
605 2125 673 2163 pati
689 2125 754 2154 iam
771 2124 824 2155 B:
852 2125 994 2164 patriam
1011 2124 1050 2154 M
1066 2124 1151 2155 Med.
1170 2136 1177 2155 x
1200 2124 1288 2163 patri
1305 2124 1369 2154 iam
1387 2135 1420 2162 u,
1446 2126 1515 2163 pati

192 2177 281 2198 nunc
298 2167 354 2198 Ar
430 2167 557 2207 sidera]
577 2166 703 2206 frigora
719 2166 798 2198 Ald.
822 2177 913 2206 1517,
930 2167 1031 2207 uulgo
1113 2177 1270 2206 nuncque
1282 2166 1337 2196 Ar
1384 2167 1515 2198 colores

191 2209 248 2247 Bl,
267 2209 308 2240 M
460 2212 502 2249 46
525 2214 679 2241 sternere
696 2209 782 2241 codd.
802 2210 890 2251 quod
904 2214 1100 2241 reuocarunt
1119 2209 1265 2250 Wagner
1276 2213 1305 2240 et
1319 2209 1494 2241 Buecheler
1508 2221 1515 2241 :

191 2257 337 2284 stertere
352 2252 433 2284 Ald.
452 2263 535 2294 1534
551 2254 652 2294 uulgo
765 2263 805 2292 47
830 2253 959 2294 perlabi
976 2252 1054 2284 Ald.
1079 2262 1159 2292 1517
1177 2264 1184 2283 :
1208 2252 1388 2292 perlabens
1404 2252 1492 2285 codd.
1507 2265 1514 2285 :

191 2296 366 2337 perlapsos
380 2295 549 2328 Baehrens
650 2296 762 2328 sidera
777 2296 811 2326 B
923 2297 965 2335 48
989 2306 1081 2327 mare
1102 2296 1259 2327 audendo
1274 2295 1307 2326 B
1324 2308 1331 2327 :
1355 2297 1514 2327 audendo

193 2349 284 2370 mare
301 2337 505 2371 MArMed.
596 2349 638 2380 50
661 2349 724 2370 nec
738 2338 816 2371 Ald.
829 2348 911 2378 1517
929 2351 936 2371 :
960 2350 1028 2371 non
1045 2339 1133 2371 codd.
1212 2339 1408 2370 meminisse
1417 2338 1514 2370 BM:

191 2416 351 2446 metuisse
369 2414 492 2446 Tollius
507 2427 514 2446 ε
529 2416 680 2447 timuisse
691 2415 746 2446 Ar
801 2425 840 2455 51
867 2415 969 2447 affros
981 2415 1039 2446 Ar
1093 2391 1210 2457 pgiriq
1221 2415 1291 2456 (sic)
1305 2415 1338 2446 Β
1355 2426 1362 2446 :
1379 2415 1514 2455 periure

193 2459 253 2490 M:
277 2458 423 2499 periuria
445 2459 499 2489 Ar
509 2459 597 2490 Med.
616 2470 622 2489 :
658 2459 874 2499 perituraque
890 2468 935 2492 m.
951 2458 1063 2499 gentis
1079 2458 1158 2492 Ald.
1182 2468 1264 2499 1534
1279 2469 1285 2491 ε
1312 2468 1373 2499 per
1387 2469 1464 2490 rura
1481 2465 1514 2489 et
