1820 2802
1379 174 1528 211 CIRIS

202 285 390 334 sanguine
419 291 616 322 taurorum
649 284 812 333 supplex
841 289 1074 333 resperserat
1103 295 1198 329 araS‚
1467 298 1528 329 525

201 361 318 398 saepe
348 350 468 387 deum
498 349 603 397 largo
633 349 835 386 decorarat
865 360 1026 386 munere
1056 346 1188 397 sedes>

200 411 372 452 reddidit
401 419 576 462 optatam
606 419 757 450 mutato
787 425 950 462 corpore
979 411 1112 458 uitam,

200 476 371 526 fecitque
400 476 439 514 in
470 475 579 514 terris
608 476 798 514 haliaetos
827 477 908 514 ales
937 483 979 514 ut
1009 483 1134 514 esset:

201 541 348 591 quippe
377 540 518 590 aquilis
548 529 877 590 semper'gaudet
906 541 1004 578 deus
1034 540 1099 578 ille
1128 539 1313 578 coruscis.

201 605 293 644 huic
322 618 416 643 uero
446 605 620 652 miserae,
653 604 841 654 quoniam
872 605 1059 642 damnata
1088 605 1253 642 deorum
1468 621 1531 652 530

201 669 348 708 iudicio
378 669 563 718 †natique
593 676 631 707 et
661 668 838 719 coniugis
867 675 959 706 ante
988 667 1135 714 fuisset,

201 734 331 773 infesti
360 734 543 784 apposuit
573 734 709 772 odium
738 734 898 772 crudele
927 733 1108 783 parentis.

202 812 374 849 namque
403 806 447 837 ut
475 798 515 836 in
544 797 720 837 aetherio
749 797 950 847 signorum
980 811 1143 836 munere
1172 805 1384 848 praestans,

201 877 324 902 unum
355 876 474 913 quem
504 862 653 912 duplici
683 863 881 901 stellarum
912 862 1039 901 sidere
1069 862 1162 909 uidi,

202 927 384 978 Scorpios
413 927 570 966 alternis
600 929 748 966 clarum
778 928 884 976 fugat
914 926 1063 966 Oriona
1078 941 1088 974 ;
1468 942 1531 975 535

201 992 257 1030 sic
286 992 386 1030 inter
415 1005 501 1031 sese
530 991 647 1030 tristis
677 991 867 1030 haliaetos
896 991 970 1029 iras

201 1064 239 1095 et
269 1056 356 1095 ciris
386 1056 551 1095 memori
580 1063 738 1095 seruant
766 1057 817 1094 ad
847 1057 1003 1095 saecula
1032 1057 1123 1095 fato.

201 1134 452 1172 quacumque
482 1121 546 1159 illa
575 1122 704 1160 leuem
733 1120 886 1171 fugiens
915 1128 1021 1159 secat
1049 1122 1208 1159 aethera
1237 1121 1388 1172 pennis,

200 1199 294 1225 ecce
322 1185 506 1224 inimicus
534 1193 643 1224 atrox
672 1198 816 1235 magno
846 1185 1010 1224 stridore
1039 1199 1107 1236 per
1135 1199 1248 1225 auras

200 1249 418 1300 insequitur
447 1250 567 1288 Nisus
582 1265 592 1297 ,-
630 1263 708 1299 qua
737 1263 778 1288 se
807 1251 879 1288 fert
909 1250 1029 1288 Nisus
1059 1251 1109 1289 ad
1138 1264 1262 1297 auras,
1467 1267 1531 1299 540

202 1314 266 1353 illa
294 1315 424 1353 leuem
453 1315 605 1365 fugiens
635 1315 775 1364 raptim
806 1322 912 1353 secat
941 1316 1100 1354 aethera
1128 1315 1280 1365 pennis.

679 1402 806 1440 538—41
836 1401 873 1432 G.
896 1410 922 1433 1.
942 1402 1052 1441 406—9

246 1487 309 1516 525
334 1481 531 1516 respexerat
548 1477 580 1507 Β
714 1487 790 1508 aras
808 1477 840 1507 R
857 1489 863 1508 :
887 1487 985 1508 auras
1002 1477 1034 1507 Β
1050 1489 1056 1508 z
1081 1488 1180 1508 auras
1194 1477 1370 1518 (suprascr.
1390 1479 1478 1518 aras)
1498 1480 1531 1509 A

202 1522 266 1560 526
289 1521 385 1560 largo
409 1521 587 1551 decorarat
603 1520 635 1550 Β
652 1531 658 1550 ;
683 1520 785 1560 longo
803 1521 976 1551 decorauit
993 1521 1064 1551 AR
1153 1522 1253 1552 sedes
1270 1532 1344 1552 corr.
1363 1532 1401 1552 ex
1415 1523 1530 1553 sedem

200 1564 233 1594 A
348 1564 412 1602 528
435 1563 597 1594 haliaetos
614 1565 745 1604 scrzpsi:
772 1565 915 1595 halietos
930 1564 1001 1594 ΒΗ
1107 1574 1170 1604 529
1193 1564 1265 1595 aliis
1284 1576 1390 1605 marg.
1411 1566 1531 1605 aquilis

201 1606 254 1637 B:
278 1606 399 1645 aliquis
428 1608 604 1646 (suprascr.
635 1607 770 1647 aquilis)
799 1607 832 1636 A
965 1608 1138 1638 choruscis
1163 1607 1214 1638 B:
1248 1609 1531 1648 corusc(chA)us

200 1649 311 1680 ARU
394 1658 458 1688 530
481 1660 561 1680 uero
573 1650 605 1680 Β
619 1661 626 1680 :
652 1660 710 1681 ero
722 1650 754 1680 R
779 1661 785 1680 :
811 1661 869 1681 ero
884 1650 1058 1691 (suprascr.
1072 1652 1170 1692 uero)
1183 1651 1216 1680 A
1306 1652 1463 1683 damnata
1479 1652 1511 1682 Β
1524 1664 1530 1683 1

202 1693 268 1723 iam
297 1698 394 1723 nacta
422 1692 478 1723 R:
515 1693 580 1723 iam
598 1698 696 1724 nacta
723 1697 898 1734 (suprascr.
929 1696 1024 1733 nata)
1053 1694 1086 1724 A
1227 1704 1287 1734 531
1318 1695 1456 1733 iuidicio
1479 1694 1531 1727 B:

200 1737 323 1767 iudicio
340 1735 431 1766 RU:
455 1736 574 1766 inditio
586 1736 619 1766 A
712 1741 790 1776 nfiq;
809 1748 917 1777 marg.
937 1739 1073 1777 natique
1090 1737 1122 1767 Β
1137 1749 1143 1767 :
1168 1739 1307 1777 natique
1323 1738 1535 1778 ARanod

201 1780 356 1810 retinebat
375 1779 525 1816 Vollmer,
552 1783 589 1809 ut
609 1779 646 1809 de
667 1779 777 1810 Minoe
795 1780 918 1810 dictum
937 1792 944 1811 z
977 1781 1149 1820 patrisque
1174 1780 1306 1821 qune:
1334 1782 1531 1821 patriaeque

201 1822 322 1863 Sz'llzg:
360 1822 486 1861 satique
507 1822 545 1853 E.
565 1822 604 1853 Β.
628 1823 768 1854 Greene:
800 1824 958 1863 pactique
986 1834 1063 1863 ego:
1098 1824 1254 1863 pactique
1282 1835 1321 1855 ea
1347 1825 1530 1855 Housman

201 1876 266 1905 532
291 1866 448 1905 apposuit
473 1865 593 1906 Sillig:
617 1866 844 1906 apposuitque
871 1866 1013 1897 BARU
1067 1866 1172 1897 Hunc
1195 1878 1226 1898 u.
1247 1869 1421 1907 resparz'sse
1443 1868 1532 1899 credo

200 1910 385 1949 scriptorem
411 1908 507 1939 libelli
520 1909 556 1939 de
572 1910 761 1940 nominibus
776 1910 967 1940 utensilium
990 1910 1105 1950 (Bodl.
1124 1910 1190 1941 cod.
1209 1910 1403 1941 Rawlt'nson
1423 1910 1459 1941 G.
1475 1922 1528 1951 99.

201 1963 233 1992 p.
251 1954 286 1991 4)
307 1955 314 1968 ‘
326 1953 419 1982 nisus
438 1952 560 1983 alietus
577 1953 653 1983 cirri
672 1954 804 1992 prepeti
823 1953 965 1984 infestus
977 1953 984 1964 ’
1112 1963 1175 1992 533
1201 1954 1335 1993 iamque
1354 1955 1528 1995 (suprascr.

201 1998 358 2034 namque‘·
377 1995 430 2026 A:
457 1997 588 2036 iamque
608 1995 642 2026 U
708 2001 743 2026 ut
762 1997 794 2026 in
811 1997 861 2028 B:
886 1997 1015 2027 utinam
1033 1996 1141 2027 ARU
1219 2007 1359 2028 munere
1372 1997 1531 2029 BARU:

202 2039 328 2070 lumine
341 2038 524 2069 Schrader:
549 2039 654 2070 limite
670 2038 853 2070 Housman
936 2050 999 2079 534
1020 2040 1186 2071 stellatum
1200 2040 1338 2071 Iuntina
1406 2043 1531 2081 sydere

601 2091 618 2107 Π

201 2115 257 2146 R:
284 2125 425 2146 munere
447 2115 540 2146 AU:
567 2116 685 2146 inuere
706 2117 820 2156 potius
846 2115 879 2146 Β
1010 2126 1073 2156 535
1099 2117 1261 2156 Scorpios
1285 2117 1340 2148 B:
1369 2118 1531 2157 Scorpius

200 2157 311 2189 ARU
408 2159 525 2197 fugant
541 2159 611 2189 AR
756 2161 821 2198 536
843 2160 1009 2201 sessssss
1033 2171 1070 2190 se
1096 2160 1128 2190 Β
1152 2171 1243 2190 eraso
1267 2160 1423 2191 uocabulo
1445 2161 1535 2200 quod

201 2202 298 2242 legere
314 2213 379 2232 non
392 2203 489 2242 potui
583 2202 703 2233 alietos
724 2203 751 2233 Β
769 2215 775 2233 :
800 2203 945 2233 aliethos
961 2204 993 2233 A
1097 2204 1129 2233 in
1145 2207 1220 2234 ante
1236 2204 1302 2233 iras
1319 2203 1394 2235 add.
1411 2203 1526 2237 ARU.

201 2255 267 2275 non
283 2244 316 2274 Β
403 2255 465 2285 537
491 2245 568 2276 ciris
584 2246 633 2278 B:
658 2247 780 2285 cyricis
797 2245 830 2275 R
845 2257 853 2277 z
877 2247 986 2277 ciricis
1004 2245 1181 2286 (suprascr.
1200 2247 1292 2286 ciris)
1311 2247 1343 2276 A
1414 2247 1530 2278 sedula

197 2288 231 2319 R
248 2292 276 2318 et
292 2288 325 2318 A
343 2299 387 2320 m.
401 2294 453 2329 pr.
543 2289 632 2320 sacto
649 2288 719 2318 AR
850 2290 913 2328 538
936 2299 1015 2320 aera
1031 2289 1102 2320 AR
1200 2299 1265 2329 540
1287 2291 1379 2321 uisus
1391 2291 1486 2330 prius
1500 2290 1532 2320 Β

201 2340 260 2370 54ῐ
288 2342 366 2362 aera
384 2331 456 2362 AR

246 2384 274 2406 Ρ.
304 2385 454 2406 VIRGILn
481 2385 636 2406 MARoms
663 2385 765 2406 cvms
793 2385 885 2406 F1N1T
901 2375 1105 2406 :—-cacrulet's
1133 2376 1242 2407 litteris
1270 2376 1312 2416 R,
1343 2376 1434 2407 mdla
1459 2378 1528 2408 suh-

200 2418 326 2458 scriptio
350 2419 382 2448 in
409 2418 513 2448 BAU
