1820 2802
354 155 501 194 COPA
783 180 788 203 s
830 148 831 151 ¹

811 246 923 271 »μᾷ

407 260 587 317 sertaque
617 281 812 318 purpurea
841 269 946 306 lutea
976 265 1095 305 mixta
1125 280 1226 316 rosa,

351 338 389 369 et
418 345 520 381 quae
549 332 725 382 uirgineo
755 332 875 370 libata
904 331 1092 370 Achelois
1125 332 1176 370 ab
1204 345 1322 370 amne
1650 349 1687 383 15

404 395 483 435 lilia
513 396 694 435 uimineis
726 396 857 435 attulit
887 395 927 434 in
957 394 1162 435 calathis.
1174 400 1179 404 '
1230 397 1234 401 “
1585 396 1630 445 ‚ffb
1658 396 1664 401 ”

348 468 439 499 sunt
468 468 506 500 et
535 460 679 500 caseoli
709 474 810 511 quos
841 460 982 500 iuncea
1010 460 1148 499 fiscina
1177 460 1307 500 siccat.

403 532 494 564 sunt
522 525 742 564 autumnali
771 538 883 564 cerea
911 539 1037 575 pruna
1066 525 1140 564 die.

348 597 634 641 castaneaeque
664 603 786 629 nuces
816 597 855 629 et
884 603 1005 629 suaue
1025 589 1207 629 rubentia
1228 591 1341 637 mala,

402 644 465 693 est
489 654 553 693 hic
583 654 733 694 munda
763 656 897 704 Ceres,
927 662 986 694 est
1015 657 1151 702 Amor,
1183 661 1242 693 est
1272 653 1467 694 Bromius.
1645 673 1687 695 20

347 727 438 758 sunt
468 727 506 757 et
536 732 646 766 mora
675 717 837 758 cruenta
868 727 924 768 et
935 719 1051 758 lentis
1081 733 1160 758 uua
1188 719 1376 766 racemis,
1421 743 1443 754 ,ι

402 791 440 822 et
470 785 617 834 pendet
639 770 766 823 iunco
796 769 999 824 caeruleus
1029 784 1219 823 cucumis.

346 855 404 887 est
434 848 562 899 tuguri
592 856 724 887 custos
753 856 926 887 armatus
956 850 1056 887 falce
1086 848 1244 898 saligna,

398 914 468 953 sed
498 927 579 952 non
609 920 648 952 et
677 920 790 952 uasto
821 921 879 952 est
909 913 1069 964 inguine
1100 913 1291 952 terribilis.

343 979 421 1017 huc
451 978 633 1028 Calybita
663 978 766 1026 ueni,
798 979 923 1017 lassus
953 978 1031 1017 iam
1063 979 1178 1017 sudat
1207 979 1363 1017 asellus.
1645 997 1684 1028 25

399 1056 515 1093 parce
544 1042 610 1090 illi,
642 1045 788 1081 Vestae
818 1042 1006 1082 delicium
1036 1050 1095 1081 est
1124 1042 1268 1082 asinus.

342 1121 448 1146 nunc
478 1115 595 1146 cantu
626 1108 763 1147 crebro
792 1104 980 1158 rumpunt
1008 1108 1167 1146 arbusta
1195 1108 1369 1156 cicadae,

396 1186 503 1211 nunc
533 1173 662 1223 uepris
691 1173 731 1211 in
760 1173 890 1223 gelida
918 1174 1013 1212 sede
1041 1174 1185 1211 lacerta
1213 1175 1319 1211 latet.

343 1237 374 1276 si
404 1237 518 1288 sapis,
550 1237 702 1277 aestiuo
732 1238 926 1277 recubans
1091 1238 1228 1288 prolue
1258 1233 1370 1284 uitro,

397 1316 466 1342 seu
496 1302 555 1341 uis
585 1302 754 1352 crystalli
783 1303 882 1341 ferre
912 1315 1040 1341 nouos
1070 1297 1225 1341 calices.
1635 1318 1678 1350 30

389 1416 426 1445 17
452 1406 593 1437 Miconis
617 1405 779 1437 Prosoa'z'a
807 1407 867 1437 168
893 1406 941 1438 ed.
974 1406 1101 1437 Traube
1132 1416 1166 1437 m
1189 1405 1401 1437 Duennnleri
1421 1405 1529 1436 Poetis
1551 1406 1684 1438 Latinis

339 1449 432 1481 Aeui
455 1449 604 1481 Carolini
620 1449 684 1480 111.
699 1455 733 1490 p.
753 1450 815 1488 285
831 1461 838 1480 ·.
868 1460 894 1481 s.
907 1460 939 1481 u.
954 1449 1117 1481 FiscinaS.
1165 1450 1252 1481 Sunt
1269 1454 1303 1480 et
1321 1449 1444 1480 caseoli
1461 1460 1546 1489 quos
1563 1451 1683 1481 iuncea

341 1493 460 1524 fiscina
477 1493 592 1524 siccat.
611 1495 729 1524 νῖκαί.

387 1568 425 1596 14
450 1557 557 1599 lutea]
576 1558 666 1588 linea
684 1557 771 1588 Phil.
862 1558 962 1589 mista
979 1556 1054 1588 EM
1157 1562 1248 1596 trosa
1264 1557 1298 1588 Β
1435 1567 1472 1597 15
1497 1562 1575 1590 sunt
1594 1569 1682 1598 quae

346 1600 529 1632 Vossianus
546 1601 621 1632 Lat.
644 1601 711 1632 Oct.
733 1602 771 1631 81
906 1611 942 1640 17
969 1602 1088 1632 iuncea
1104 1601 1205 1631 etiam
1222 1600 1310 1631 Mico
1332 1611 1408 1632 cum
1426 1601 1533 1632 Plu'l.:
1561 1602 1682 1634 uincea

341 1645 578 1675 Monacenses:
602 1645 736 1684 scirpea
757 1644 941 1675 Vossianus
1002 1644 1120 1684 siccat]
1134 1649 1252 1675 ueccat
1264 1644 1352 1676 Phil.
1447 1646 1486 1674 18
1509 1646 1680 1677 autunalis

343 1687 526 1719 Vossianus
610 1689 674 1718 dee
698 1686 872 1718 Vossianus
1018 1698 1060 1718 20
1083 1688 1232 1719 broimus
1252 1687 1281 1718 S
1421 1697 1463 1718 22
1479 1688 1632 1720 ceruleus
1647 1689 1681 1720 Β

340 1741 381 1770 25
406 1732 482 1762 huic
494 1734 520 1761 Ω
541 1732 549 1748 ‘
563 1731 582 1762 i.
597 1741 622 1763 e.
638 1730 775 1772 Priapo,
794 1731 911 1771 tuguri
919 1731 1052 1771 custodi,
1068 1731 1235 1769 militanti,
1251 1741 1317 1761 non
1335 1731 1484 1761 terrenti'
1500 1730 1567 1763 Leo
1583 1743 1589 1763 :
1614 1733 1680 1764 huc

339 1774 553 1805 Monacenses
577 1774 664 1806 Phil.
690 1778 720 1804 et
747 1774 930 1805 Vossianus
1085 1775 1164 1814 c(ch
1191 1773 1421 1812 Mon.)alibita
1445 1774 1542 1805 BEF
1561 1774 1678 1807 Mon.:

339 1818 473 1849 calibita
492 1829 530 1848 ex
549 1817 692 1849 calabita
708 1817 760 1848 S:
785 1817 929 1848 calibida
949 1817 980 1847 V
993 1817 1102 1849 Phil:
1128 1817 1253 1848 alibida
1270 1817 1349 1849 PD:
1384 1817 1559 1857 Cybelista
1581 1817 1681 1860 Sillzg

338 1861 423 1892 sicut
438 1861 538 1892 edidit
553 1860 754 1892 Ascensius:
789 1861 948 1900 capalista
971 1860 1112 1891 Schenkl
1122 1873 1134 1898 ;
1158 1860 1297 1900 Hesyclz.
1325 1861 1536 1891 καπαλευτάς·
1561 1861 1677 1902 ὀνηλά-

339 1915 405 1935 τας·
430 1915 515 1935 num
538 1904 706 1944 Alybida?
794 1903 887 1944 qnod
906 1904 1116 1935 scribendum
1135 1904 1298 1943 proposui
1318 1904 1353 1934 in
1375 1903 1600 1936 dissertatione
1625 1904 1677 1936 ‘A

340 1980 504 2011 Bodleian
518 1980 582 2011 MS
596 1980 634 2011 of
646 1980 741 2019 Copa
752 1980 759 1991 '
774 1984 838 2012 etc.
854 1979 1000 2011 Frowde
1019 1982 1103 2019 1906
1173 1947 1355 2011 igiiifflsudat
1371 1980 1496 2012 asellus
1512 1981 1554 2021 B,
1567 1981 1677 2013 salsus

339 2035 384 2055 m.
413 2028 548 2055 recent.:
579 2024 687 2055 lassus
714 2022 861 2054 SMon.:
894 2023 1005 2054 fessus
1034 2024 1116 2055 VGr
1143 2023 1351 2055 Vossianus:
1387 2024 1451 2055 iam
1482 2025 1593 2056 sessus
1620 2025 1676 2056 D:

338 2078 404 2099 om.
432 2067 498 2098 EF
654 2068 696 2097 26
719 2067 781 2108 illi]
801 2067 856 2097 isti
873 2066 961 2098 Phil.
1070 2067 1197 2098 Vestae
1217 2066 1378 2097 Vossius:
1404 2072 1516 2108 uestre
1531 2067 1675 2100 BEFS:

339 2111 446 2141 nostri
471 2109 582 2141 Phil:
615 2115 767 2141 nostrum
796 2110 854 2140 ΓΒ
975 2110 1131 2141 delicium
1154 2110 1187 2140 Β
1211 2109 1296 2141 Phil.
1316 2120 1324 2141 ε
1349 2110 1459 2150 dilic(t
1480 2111 1596 2151 F)ium
1619 2111 1683 2143 SF

339 2156 380 2185 28
397 2153 512 2194 uepris
528 2153 763 2194 scripSt'potins
779 2163 881 2193 quam
899 2163 1039 2193 ueprum
1057 2153 1149 2193 quod
1161 2153 1241 2184 coni.
1259 2153 1399 2193 Haupt:
1427 2164 1507 2185 uere
1524 2154 1653 2184 BEFD
1668 2166 1674 2185 :

339 2207 420 2228 uere
451 2196 602 2236 adscrz'pt.
637 2197 692 2228 uel
724 2200 878 2228 certer:
921 2207 1003 2227 uero
1035 2196 1063 2228 S
1093 2197 1203 2228 Plzil.:
1238 2197 1356 2227 uiridis
1386 2203 1485 2237 super
1515 2208 1674 2228 rasuram

335 2241 458 2281 prioris
481 2241 661 2281 scripturae
685 2240 759 2271 Vat.
791 2249 896 2280 1577:
926 2240 1017 2270 uaria
1043 2239 1262 2279 Monacenses,
1291 2240 1381 2280 quod
1403 2240 1514 2281 recepit
1538 2241 1675 2271 Ribbeck

340 2294 382 2323 29
398 2283 561 2315 recubans
578 2294 667 2315 nunc
677 2283 782 2315 codd.:
808 2284 972 2314 recubans
983 2288 1016 2314 te
1027 2283 1194 2324 Scaliger:
1219 2294 1303 2314 num
1313 2293 1352 2314 os
1368 2294 1412 2314 an
1430 2286 1507 2315 rus?
1597 2286 1690 2323 pros

339 2328 413 2358 luee
430 2327 480 2358 F:
513 2327 654 2366 proluee
673 2326 764 2369 (lec)
783 2327 830 2358 E:
854 2327 909 2358 lue
925 2327 1073 2368 adscm'pt.
1095 2327 1148 2358 uel
1170 2327 1288 2367 prolue
1305 2330 1327 2357 Γ
1526 2327 1614 2358 uitro
1638 2338 1677 2358 ex

339 2375 438 2402 antro
461 2370 511 2402 S:
539 2373 569 2401 el
580 2371 725 2410 fortasse
741 2371 897 2411 proluere
919 2370 1138 2410 z‘mperatiuus
1158 2373 1213 2410 est,
1239 2369 1365 2401 Theocr.
1392 2369 1499 2400 XXV
1514 2380 1556 2411 95
1581 2370 1673 2401 τόσσ’

339 2413 399 2444 αἰεὶ
430 2413 601 2454 μετόπισθε
626 2414 711 2448 βοῶν
738 2413 788 2445 ἐπὶ
815 2412 960 2448 βουκόλι’
990 2412 1048 2455 ᾔει,
1078 2415 1119 2454 76
1152 2414 1293 2453 εὑρησεΐς
1324 2412 1501 2444 Γαλάτειαν
1524 2414 1597 2445 ἴσως
1621 2412 1672 2444 καὶ

339 2455 483 2487 καλλίον’
510 2456 617 2488 ἄλλαν
826 2467 870 2497 30
901 2457 1047 2488 cristalle
1081 2456 1224 2488 BEFS:
1263 2456 1400 2488 cristalli
1433 2457 1672 2488 Monacenses:

339 2500 490 2533 cristallo
515 2503 548 2541 P,
578 2500 648 2532 Vat.
679 2510 760 2540 1574
785 2504 814 2532 et
837 2510 918 2540 1577
