1820 2802
293 147 443 186 CIRIS

290 258 382 295 ergo
412 244 540 282 omnis
571 256 660 280 caro
690 242 885 280 residebat
916 253 1008 279 cura
1037 239 1190 290 capillo,

290 323 408 363 aurea
438 308 618 348 sollemni
649 315 854 356 comptum
884 319 1001 356 quem
1034 305 1154 364 fibula
1182 304 1256 343 ritu

292 373 459 425 niossrsjlis
489 381 528 412 et
557 372 668 411 tereti
697 372 910 410 nectebant
939 371 1060 409 dente
1088 369 1259 408 cicadae.

348 440 436 477 Nec
465 450 559 475 uero
589 438 688 474 haec
717 435 832 474 uobis
863 423 1044 473 custodia
1073 447 1176 472 uana
1205 433 1352 480 fuisset,

292 517 366 542 nec
396 504 532 548 fuerat,
565 501 605 539 ni
635 502 763 550 Scylla
792 513 900 538 nouo
929 506 1109 549 correpta
1138 500 1278 546 furore,
1567 511 1629 544 130

295 570 434 618 Scylla,
466 565 746 617 patrismmiseri
775 564 1002 616 patriaeque
1032 564 1194 618 inuenta
1223 564 1458 614 sepulcrum,

294 646 318 671 o
348 632 514 670 nimium
545 630 699 681 cupidis
731 629 871 668 Minoa
899 629 1088 668 inhiasset
1117 628 1262 667 ocellis.

294 698 364 736 sed
394 699 520 734 malus
550 696 631 735 ille.
640 708 753 746 puer,
783 707 902 744 quem
932 707 1006 732 nec
1035 707 1106 731 sua
1134 695 1291 731 flectere
1320 699 1444 730 mater

294 762 435 800 iratum
466 760 605 810 potuit,
639 772 757 809 quern
786 771 862 797 nec
890 765 1000 808 pater
1029 765 1148 807 atque
1177 770 1274 795 auus
1304 757 1411 795 idem

298 826 476 877 Iuppiter
505 825 588 877 (ille
618 823 736 863 etiam
767 825 924 862 Poenos
954 822 1148 861 domitare
1176 824 1323 869 leones,
1572 838 1631 869 ¹55

297 899 335 930 et
365 891 517 929 ualidas
547 888 683 928 docuit
712 887 805 926 uiris
835 900 1110 926 mansuescere
1139 886 1257 937 tigris,

296 957 361 995 ille
391 956 509 995 etiam
539 954 666 1000 diuos,
697 952 1009 992 homines—sed
1039 951 1170 991 dicere
1200 964 1387 1001 magnum
1417 951 1507 1002 est),

297 1021 404 1061 idem
435 1028 518 1058 tum
549 1006 667 1057 tristis
696 1017 863 1056 acuebat
893 1018 1079 1067 paruulus
1109 1016 1183 1055 iras

299 1086 466 1126 Iunonis
496 1097 673 1134 magnae,
705 1083 816 1122 cuius
846 1081 1032 1132 (periuria
1059 1081 1176 1121 diuae

297 1152 403 1199 olim,
436 1151 506 1189 sed
536 1148 751 1187 meminere
779 1147 866 1199 diu)
896 1147 1049 1197 periura
1078 1148 1208 1197 puella
1574 1160 1638 1192 140

300 1230 380 1255 non
410 1215 477 1254 ulli
507 1214 654 1272 licitam
677 1211 1063 1267 uiolauerat'tjnscia'⁴
1081 1212 1228 1257 sedem,

300 1284 395 1321 dum
427 1280 545 1320 sacris
564 1276 736 1335 ‘oper-ata
765 1279 872 1322 deae>
894 1277 1047 1331 lasciuit
1076 1285 1114 1315 et
1144 1284 1250 1315 extra

300 1346 478 1398 procedit
508 1347 625 1395 longe
656 1351 824 1383 matrum
854 1341 1126 1393 comitumque
1155 1349 1366 1389 cateruam,

349 1452 409 1481 126
433 1460 516 1481 cano
541 1448 669 1480 ARU:
703 1458 780 1479 caro
809 1447 886 1478 Ald.
921 1456 1001 1486 1517
1097 1456 1154 1485 127
1180 1456 1278 1485 quem
1302 1444 1448 1485 Loensis,
1475 1444 1635 1485 Epzplzyll.

301 1494 397 1526 VIII.
416 1503 457 1533 25
475 1505 481 1524 ε
507 1503 643 1532 quoque
660 1491 770 1522 ARU
912 1491 971 1520 128
996 1490 1152 1529 corpsele
1166 1493 1220 1528 (ae
1238 1489 1287 1530 R)
1305 1488 1398 1519 AR:
1423 1489 1567 1519 corselle
1588 1488 1637 1519 U:

305 1538 484 1578 Mopsopio
503 1536 728 1567 Parrhasius:
766 1534 924 1574 crobylus
951 1537 985 1563 et
1010 1532 1167 1563 Loensis:
1201 1532 1386 1571 Cecropiae
1413 1537 1446 1563 et
1471 1531 1639 1572 Scaltger:

304 1581 450 1612 morsilis
466 1579 581 1620 scripsi
606 1582 735 1619 (morsu
763 1577 907 1608 habilem
933 1578 1002 1607 iam
1033 1576 1168 1617 Unger).
1212 1574 1288 1606 Mai
1303 1575 1405 1607 class.
1424 1574 1520 1606 Auct.
1544 1575 1637 1606 VIII.

304 1626 367 1664 362
393 1624 577 1655 Morsatilis
594 1624 636 1653 ad
655 1622 877 1652 mordendum
901 1621 1031 1659 habilis,
1051 1620 1140 1659 quod
1159 1624 1193 1650 et
1215 1619 1363 1650 morsilis
1380 1619 1509 1651 dicitur.
1528 1629 1560 1658 p.
1577 1620 1640 1657 338

306 1669 447 1699 Mordeo
465 1668 546 1697 inde
563 1667 618 1697 hic
636 1676 778 1704 morsus,
791 1675 831 1695 ns
848 1669 881 1695 et
897 1664 951 1694 hic
966 1663 1154 1703 morsellus,
1169 1663 1202 1702 li,
1223 1668 1256 1693 et
1273 1663 1328 1692 hic
1342 1667 1376 1693 et
1392 1662 1476 1693 haec
1494 1662 1641 1693 morsilis

305 1717 339 1743 et
356 1712 419 1742 hoe
437 1711 469 1742 le
486 1711 505 1742 i.
525 1710 616 1750 quod
633 1714 747 1749 aptum
765 1713 817 1740 est
834 1708 876 1738 ad
894 1708 1118 1738 mordendum
1183 1704 1366 1736 nectebant
1382 1706 1416 1737 R
1431 1717 1437 1736 :
1464 1706 1641 1736 nectabant

305 1755 363 1786 A:
388 1755 544 1785 nectebat
566 1753 599 1784 U
708 1762 769 1792 129
794 1752 889 1783 uobis
905 1750 1030 1781 ARU:
1063 1750 1154 1780 urbis
1182 1749 1344 1780 Heinsius
1450 1759 1512 1788 130
1535 1750 1642 1780 fuerat

305 1798 423 1836 ARU,
441 1798 478 1837 cf
495 1796 633 1837 Quintil.
651 1796 695 1827 X.
712 1806 738 1827 1.
756 1806 818 1826 120
835 1799 842 1812 ⁴
854 1794 1036 1826 adiecisset
1053 1793 1153 1833 enim,
1169 1798 1270 1832 atque
1283 1792 1471 1823 adiciebat'
1492 1804 1499 1823 z
1529 1797 1642 1823 ruerat

306 1841 442 1872 Ribbeck
491 1841 540 1881 ni]
555 1840 619 1871 nisi
631 1839 662 1870 A
673 1839 722 1870 U:
740 1839 774 1869 in
788 1839 819 1870 R
865 1842 1020 1876 correpta
1031 1836 1214 1867 Ascensius
1230 1836 1264 1867 in
1278 1836 1461 1866 Comment.
1472 1836 1519 1868 ed.
1537 1845 1618 1875 1507
1635 1847 1643 1867 t

307 1890 472 1924 concepta
483 1883 591 1914 ARU
665 1892 724 1921 132
739 1892 758 1913 0
770 1881 897 1912 ARU:
917 1881 984 1911 heu
996 1879 1128 1919 Maelzly
1141 1891 1147 1910 :
1161 1880 1242 1919 fort.
1254 1890 1273 1910 a
1320 1879 1433 1910 Minoa
1444 1878 1642 1910 Lachmann

307 1929 354 1960 ad
378 1927 503 1958 Lucrct.
535 1927 596 1958 111.
625 1936 711 1965 374:
739 1926 767 1956 si
793 1936 859 1955 non
887 1924 1012 1954 ARU:
1046 1923 1163 1954 Minon
1188 1922 1382 1954 Buecheler:
1409 1922 1550 1953 Minona
1578 1922 1644 1963 ipsc

295 1972 502 2002 -conieceram
617 1980 677 2008 134
702 1969 790 1999 idem
807 1971 814 1985 ‘
830 1968 908 2008 quia
926 1967 1079 2006 Iuppiter
1095 1977 1171 1997 eum
1183 1977 1226 1997 ex
1238 1967 1305 1997 filia
1316 1966 1434 2005 genuit
1445 1966 1453 1977 '
1464 1966 1644 1997 Ascensius

307 2016 342 2046 in
359 2014 404 2046 ed.
427 2023 508 2053 1507
602 2015 662 2052 136
686 2013 819 2043 rabidas
835 2012 951 2051 Heyne
1039 2011 1128 2041 uires
1145 2009 1179 2039 R
1197 2013 1240 2047 (et
1253 2016 1420 2050 suprascr.
1446 2009 1569 2051 uictas)
1586 2010 1620 2039 A
1637 2020 1644 2040 :

308 2059 417 2090 uictas
438 2058 472 2088 U
567 2057 672 2095 tigres
686 2055 718 2086 U
816 2064 874 2094 137
901 2054 1074 2094 homines]
1088 2063 1210 2084 ornnes
1221 2052 1383 2084 Heinsius
1485 2054 1545 2092 138
1569 2062 1643 2083 cum

309 2102 342 2133 R
349 2101 382 2132 U
392 2113 398 2131 :
415 2106 483 2131 tum
501 2102 677 2140 (suprascr.
692 2099 782 2139 cum)
794 2099 826 2129 A
936 2098 1043 2129 tristis
1055 2097 1088 2127 R
1103 2108 1110 2127 :
1127 2097 1261 2136 superis
1276 2096 1309 2127 U
1321 2108 1327 2126 :
1345 2095 1451 2127 tristis
1463 2096 1642 2136 (suprascr.

309 2145 460 2185 superis)
487 2144 519 2173 A
538 2155 544 2174 ε
567 2144 650 2183 sort.
682 2143 790 2182 turpis
894 2151 954 2180 139
974 2141 1182 2181 parenthesin
1204 2140 1308 2171 statui
1329 2149 1404 2170 cum
1431 2140 1574 2179 periuria
1601 2139 1649 2170 ad

310 2198 447 2229 sequens
473 2187 610 2228 periura
636 2190 742 2226 aperte
772 2186 934 2225 reseratur.
980 2184 1144 2215 Probauit
1169 2182 1444 2215 Ganzenmueller
1584 2192 1645 2221 ¹40

312 2233 372 2263 sed
385 2232 503 2271 scripsi
515 2234 544 2260 ct
558 2230 604 2261 sic
617 2230 665 2261 ed.
684 2229 759 2260 Ven.
779 2239 861 2268 1492
877 2240 882 2259 :
914 2238 952 2259 se
963 2226 1073 2258 ARU
1083 2238 1090 2258 ε
1114 2227 1142 2257 si
1155 2225 1256 2267 Sz'llrjg
1270 2238 1275 2257 z
1302 2227 1334 2257 di
1353 2226 1405 2257 uel
1419 2230 1471 2257 sat
1489 2224 1625 2257 Ribbeck
1639 2237 1645 2256 :

312 2276 346 2306 in
365 2285 402 2305 se
424 2274 568 2304 Vollmer
656 2273 767 2312 puelle
785 2272 872 2302 RU:
897 2271 1030 2311 puellae
1047 2270 1080 2300 A
1174 2280 1230 2309 141
1257 2269 1409 2300 nonnulli
1427 2269 1551 2300 ARU:
1577 2280 1645 2300 non

312 2319 370 2349 ulli
396 2317 443 2348 ed.
478 2327 558 2356 1507
671 2316 795 2347 licitam
831 2315 941 2355 Unger
956 2326 963 2346 z
998 2315 1109 2345 lictam
1143 2312 1326 2354 Chigiamcs
1343 2324 1349 2343 :
1388 2313 1488 2343 liceat
1517 2312 1645 2344 ARU:

314 2361 397 2392 nulli
416 2361 603 2391 neclectam
623 2358 860 2390 Stadtmueller
1014 2367 1073 2397 143
1099 2361 1234 2388 caterua
1258 2355 1381 2386 ARU:
1407 2360 1578 2386 cateruam
1596 2355 1643 2387 ed.

311 2405 446 2436 Assem.
471 2413 572 2443 1507:
600 2407 756 2434 cateruas
772 2402 939 2432 Eadm-em
