1820 2802
1385 198 1533 236 CIRIS

211 317 291 343 non
322 304 409 343 tulit
438 317 483 342 ac
514 304 675 342 miseros
706 304 872 343 mutauit
903 304 1061 354 uirginis
1091 312 1195 342 artus

209 369 389 408 caeruleo
418 369 570 419 pollens
599 368 772 407 coniunx
801 368 1003 420 Neptunia
1031 382 1162 419 regno.

209 434 279 472 sed
309 440 441 471 tamen
469 440 672 472 aeternum
703 433 876 483 squamis
906 433 1048 472 uestire
1076 434 1248 484 puellam

209 498 434 548 infidosque
462 497 563 537 inter
592 505 767 537 teneram
796 499 1043 537 committere
1071 498 1198 549 pisces
1470 508 1533 546 485

208 576 289 602 non
319 563 452 601 statuit
481 562 666 614 (nimium
695 571 753 602 est
781 563 943 602 auidum
974 576 1094 614 pecus
1124 563 1426 615 Amphitrites):

206 627 318 666 aeriis
348 628 478 678 potius
508 628 717 666 sublimem
747 628 902 666 sustulit
931 627 1012 675 alis,

207 701 309 732 esset
338 701 380 731 ut
409 693 449 730 in
479 693 588 731 terris
617 684 709 731 facti
738 693 788 731 de
818 692 979 731 nomine
1010 691 1120 739 Ciris,

208 758 307 797 Ciris
337 759 553 807 Amyclaeo
582 757 789 796 formosior
817 770 954 795 ansere
984 758 1126 795 Ledae.

207 823 271 861 hic
301 824 409 861 uelut
438 822 479 860 in
509 822 628 861 niueo
658 830 791 861 tenera
820 829 878 861 est
908 835 998 860 cum
1029 821 1208 871 primitus
1238 834 1316 859 ouo
1473 837 1538 869 490

207 887 351 937 effigies
380 887 592 925 animantis
621 895 660 926 et
689 887 912 926 internodia
941 887 1127 926 membris

206 952 434 1002 imperfecta
462 964 569 990 nouo
599 951 753 990 fluitant
780 959 963 990 concreta
992 952 1133 998 calore,

207 1016 262 1055 sic
292 1016 444 1066 liquido
474 1017 624 1066 Scyllae
654 1016 935 1054 circumfusum
965 1029 1136 1065 aequore
1166 1028 1307 1065 corpus

207 1080 376 1120 semiferi
405 1080 562 1118 incertis
592 1079 710 1118 etiam
740 1093 846 1118 nunc
876 1080 1051 1130 partibus
1081 1087 1185 1118 artus

207 1145 384 1195 undique
414 1145 620 1183 mutabant
649 1152 767 1195 atque
797 1144 973 1195 undique
1002 1145 1266 1183 mutabantur.
1470 1161 1533 1192 495

207 1209 284 1249 oris
313 1211 440 1248 honos
470 1209 640 1260 primum
670 1217 708 1248 et
737 1209 869 1248 multis
899 1216 1033 1260 optata
1061 1210 1203 1248 labella

207 1282 245 1313 et
274 1276 430 1325 patulae
459 1273 596 1312 frontis
626 1274 777 1324 species
806 1287 1059 1313 concrescere
1089 1274 1129 1312 in
1159 1287 1282 1312 unum

207 1352 373 1390 coepere
402 1346 440 1378 et
469 1338 602 1389 gracili
632 1347 811 1378 mentum
841 1341 1058 1389 producere
1087 1347 1223 1378 rostro.

206 1413 290 1442 tum
320 1417 398 1454 qua
427 1417 468 1443 se
497 1404 673 1443 medium
703 1404 840 1454 capitis
871 1404 1082 1442 discrimen
1111 1404 1263 1454 agebat,

206 1483 299 1509 ecce
328 1476 489 1519 repente
518 1471 627 1507 uelut
656 1469 800 1519 patrios
830 1469 1002 1507 imitatus
1032 1470 1203 1508 honores
1473 1486 1536 1516 500

205 1535 414 1585 puniceam
444 1534 642 1573 concussit
671 1547 770 1584 apex
798 1533 839 1571 in
868 1534 1014 1573 uertice
1043 1533 1209 1581 cristam,

204 1607 243 1637 at
273 1599 400 1638 mollis
430 1598 558 1637 uarios
588 1598 766 1637 intexens
796 1600 930 1648 pluma
959 1600 1110 1637 colores

205 1674 467 1699 marmoreum
498 1660 650 1699 uolucri
679 1660 839 1699 uestiuit
869 1660 1041 1711 tegmine
1071 1673 1225 1710 corpus,

204 1728 389 1776 lentaque
417 1733 626 1776 perpetuas
655 1727 840 1764 fuderunt
869 1725 1054 1764 bracchia
1082 1738 1244 1775 pennas.

204 1832 279 1869 629,
301 1829 357 1860 IV.
374 1839 446 1869 715.
492 1829 578 1860 Stat.
592 1828 687 1860 Theb.
699 1829 739 1860 V.
755 1830 807 1868 56,
821 1830 862 1859 88
880 1840 886 1859 ε
910 1829 1001 1859 auris
1012 1828 1178 1858 Baehrens
1192 1840 1199 1859 ε
1217 1839 1298 1858 euro
1309 1827 1423 1868 Bury:
1448 1828 1537 1859 credo

203 1874 297 1904 latere
314 1873 468 1913 glossam
495 1873 527 1902 Α
535 1872 676 1912 ngl1'cam
706 1878 798 1911 segor,
827 1879 943 1911 eogor‚
967 1871 1056 1912 quod
1073 1875 1120 1902 est
1136 1882 1245 1911 genus
1259 1871 1388 1910 fluctus
1410 1871 1471 1911 (A.
1496 1871 1534 1903 S.

203 1916 336 1957 Napier‚
355 1915 422 1946 Old
428 1915 567 1955 English
585 1915 722 1954 Glosses,
740 1915 877 1955 Oajford,
897 1918 994 1955 1900)
1082 1916 1146 1954 484
1170 1920 1346 1945 aeternum
1358 1914 1513 1945 Kreunen
1529 1927 1535 1945 :

205 1959 350 1990 alternat
360 1958 425 1989 Leo
438 1970 444 1990 :
462 1958 671 1989 eternamB:
686 1964 861 1989 externam
869 1958 954 1989 AR:
972 1969 1054 1988 num
1066 1959 1280 1989 hesternam?
1298 1959 1329 1989 lt.
1339 1968 1362 1990 e.
1374 1968 1459 1997 quae
1468 1958 1535 1988 lien

198 2003 310 2044 puella
313 2002 385 2041 fuit
443 2003 569 2042 sqamis
579 2002 620 2039 Β,
635 2002 692 2032 sed
706 2013 726 2042 q
740 2007 768 2032 et
783 2012 814 2032 m
831 2008 932 2042 super
947 2012 1102 2032 rasuram
1119 2013 1125 2031 :
1149 2002 1333 2041 squammis
1351 2001 1383 2031 R
1471 2002 1534 2041 485

204 2050 324 2076 tenera
340 2057 378 2076 ex
393 2050 528 2076 teneras
544 2045 576 2075 Β
664 2046 729 2084 486
751 2046 889 2075 nimium
902 2046 1123 2075 exminimum
1135 2044 1167 2074 Β
1263 2055 1326 2084 490
1350 2044 1511 2075 tenereB
1527 2057 1533 2076 :

205 2095 303 2120 tener
313 2095 364 2120 est
374 2088 446 2119 AR
463 2100 470 2120 :
492 2094 609 2120 tenera
622 2094 673 2119 est
686 2088 807 2128 Haupt
821 2101 827 2119 :
841 2089 924 2128 forf.
940 2093 1113 2120 teneraest
1181 2088 1334 2127 primitus
1353 2089 1531 2128 (suprascr.

205 2132 373 2172 protinus)
405 2132 438 2162 A
595 2142 656 2171 491
690 2132 883 2162 animantur
906 2132 938 2162 Β
1090 2142 1154 2170 492
1179 2131 1378 2171 imperfecta
1402 2131 1511 2161 ARU

204 2175 392 2215 inperfecta
410 2174 443 2205 Β
574 2185 636 2215 493
661 2174 788 2215 liquido
814 2175 889 2205 cille
911 2175 961 2205 B:
985 2175 1129 2214 liquidos
1156 2175 1250 2204 seille
1269 2175 1370 2213 (sylle
1394 2173 1441 2211 R)
1462 2174 1533 2205 AR

203 2230 266 2259 494
291 2219 440 2258 partibus
467 2218 610 2249 BARU
752 2227 815 2257 495
839 2219 1055 2248 mutabantur
1065 2222 1117 2257 pr.
1138 2217 1177 2257 B,
1198 2228 1288 2247 nunc
1309 2217 1402 2247 lmbet
1427 2222 1527 2248 muta·

203 2262 329 2293 buntur
346 2274 353 2292 :
377 2263 568 2292 mutabatur
588 2261 622 2292 U
748 2263 812 2301 496
835 2265 870 2291 et
886 2272 950 2292 om.
968 2261 1001 2292 U
1085 2260 1224 2290 multiB
1325 2261 1389 2300 498
1413 2271 1533 2291 rasura

199 2305 420 2346 prius-suerat
435 2305 490 2335 ubi
504 2316 593 2336 nunc
605 2309 651 2336 est
667 2310 776 2336 rostro
791 2306 824 2335 in
844 2304 876 2334 Β
995 2314 1059 2344 499
1083 2304 1178 2343 quasi
1193 2303 1226 2334 Β
1344 2313 1407 2342 500
1431 2304 1531 2335 uelud

203 2348 237 2378 Β
323 2349 471 2379 imitatur
491 2348 524 2379 U
630 2358 689 2388 501
715 2357 915 2388 purpuream
934 2347 982 2378 U:
1008 2347 1186 2387 puniceam
1206 2350 1379 2386 (suprascr.
1408 2357 1529 2387 purpu-

205 2391 355 2429 ream)A
447 2402 511 2431 502
534 2392 644 2422 mollis
660 2394 832 2432 (suprascr.
851 2391 1023 2432 membris)
1041 2391 1073 2420 A
1095 2402 1102 2421 ;
1129 2391 1287 2421 membris
1308 2390 1341 2420 U
1359 2394 1388 2420 et
1409 2391 1454 2420 sic
1477 2394 1533 2420 ‘ex

209 2433 244 2465 V.
259 2435 313 2465 E.'
329 2434 490 2465 Barthr'us
500 2434 546 2466 ed.
559 2436 640 2465 1608
744 2444 807 2474 503
835 2444 1030 2464 mansurum
1045 2433 1088 2465 U:
1116 2443 1337 2465 marmoreum
1353 2434 1531 2474 (suprascr.

205 2479 412 2519 mansurum)
431 2479 464 2508 A
557 2479 702 2509 tecmine
718 2478 750 2508 Β
862 2487 925 2517 504
948 2477 1127 2508 funderunt
1143 2476 1209 2508 BR
1310 2477 1430 2516 pinnas
1446 2476 1479 2506 Β
