1820 2802
1164 160 1540 200 CATALEPTON

217 279 336 316 quare
365 268 461 306 illud
490 268 582 307 satis
611 276 678 315 est,
711 269 743 307 si
772 276 810 308 te
839 267 1029 319 permittis
1059 268 1180 307 amari
1194 282 1205 317 3

271 345 362 371 nam
391 339 526 371 contra
554 340 597 371 ut
625 332 674 372 sit
701 346 813 372 amor
842 340 1012 381 mutuus,
1044 333 1152 373 unde
1180 332 1307 372 mihi?

807 582 845 617 V

273 670 334 708 Ite
363 670 466 717 hine,
497 669 645 718 inanes,
676 670 739 718 ite,
771 672 971 710 rhetorum
1001 673 1209 722 ampqllae,

217 732 350 772 inflata
379 735 521 774 †rhoso
551 748 632 774 non
662 734 840 774 Achaico
870 736 1002 783 uerba,

217 804 255 836 et
284 811 367 846 uos,
399 798 556 849 Selique
585 799 843 850 Tarquitique
873 801 1088 850 Varroque‚

217 863 541 902 scholasticorum
572 863 679 902 natio
709 865 874 903 madens
903 864 1051 915 pingui,

219 926 271 966 ite
300 926 403 975 hinc,
434 927 560 966 inanis
590 928 800 978 cymbalon
830 928 1058 968 iuuentutis.
1524 946 1542 977 5

219 998 351 1042 tuque,
383 1005 408 1030 0
437 1006 610 1031 mearum
642 1006 744 1040 cura,
777 994 903 1040 Sexte,
936 1007 1114 1032 curarum

219 1057 317 1103 uale,
349 1056 518 1105 Sabine3
555 1056 633 1095 iam
663 1059 801 1105 nalem,
832 1058 1003 1097 formosi.

219 1133 291 1159 nos
320 1122 371 1160 ad
401 1121 537 1160 beatos
566 1123 655 1161 uela
683 1121 875 1161 mittimus
903 1130 1049 1173 portus,

220 1185 351 1236 magni
380 1193 557 1236 petentes
586 1187 705 1225 docta
733 1186 838 1226 dicta
867 1187 1026 1235 Sironis,

220 1250 422 1301 uitamque
450 1250 501 1289 ab
530 1251 638 1289 omni
667 1250 959 1291 uindicabimus
988 1265 1090 1291 cura.
1508 1269 1546 1290 10

219 1314 272 1355 ite
301 1315 404 1363 hinc,
437 1315 648 1363 Camenae,
679 1330 751 1356 uos
781 1329 941 1368 quoque
970 1316 1023 1356 ite
1052 1317 1210 1364 saluete,

268 1428 306 1449 12
330 1418 460 1449 nutrius
476 1417 516 1449 M
669 1418 775 1459 unde]
793 1418 879 1451 Stat.
904 1418 996 1451 Theb.
1015 1418 1058 1449 X.
1077 1420 1138 1450 861
1158 1429 1234 1449 nam
1252 1418 1372 1449 iaculis
1388 1419 1547 1458 caeloque

221 1462 317 1500 uagis
327 1471 406 1501 spes
417 1463 507 1493 unde
521 1461 674 1501 sagittis?
736 1473 814 1493 nam
830 1472 932 1494 causa
948 1466 983 1493 ut
999 1462 1043 1494 sit
1065 1472 1160 1494 amor
1176 1467 1323 1502 mutuus,
1341 1462 1429 1493 unde
1446 1463 1548 1494 mihi?

219 1504 386 1536 Baehrens

264 1548 303 1578 V.
333 1558 359 1579 1.
384 1549 449 1579 iter
464 1548 620 1579 hetorum
637 1547 690 1579 B:
714 1548 815 1579 iteret
831 1548 950 1579 horum
967 1548 1006 1579 M
1020 1548 1105 1579 Med.
1203 1548 1347 1589 ampulle
1362 1548 1395 1579 B
1414 1559 1421 1580 :
1444 1549 1550 1580 mani-

221 1591 313 1630 pulle
331 1591 425 1631 (pule
441 1591 498 1621 Ar
509 1591 613 1631 Med.)
632 1591 743 1621 MAr
756 1591 842 1622 Med.
985 1602 1004 1622 2
1028 1592 1146 1632 rhossso
1162 1591 1213 1623 B:
1237 1602 1313 1623 roso
1338 1590 1400 1622 Mu
1418 1603 1425 1623 z
1448 1602 1548 1623 roseo

224 1634 409 1675 Chzgianus
428 1638 457 1665 et
475 1633 521 1665 ed.
542 1645 644 1674 1473:
674 1645 750 1666 rore
769 1634 850 1666 Ald.
872 1644 964 1675 1517,
981 1636 1127 1675 sortasse
1146 1645 1185 1666 ex
1201 1636 1353 1677 (d)hroso
1375 1634 1477 1676 δρόσῳ
1500 1636 1554 1666 uti

228 1677 262 1710 T.
282 1676 330 1709 H.
353 1676 501 1716 Warren,
523 1676 790 1718 Magdalenensis
815 1678 948 1719 collegii
966 1679 1150 1718 Praefectus
1174 1682 1268 1709 ratus
1291 1682 1354 1709 est:
1381 1689 1448 1709 om.
1469 1677 1548 1710 Ar:

224 1721 326 1751 rhoso
350 1722 452 1751 tuitus
475 1725 520 1752 est
536 1720 708 1752 Buecheler
729 1720 798 1752 Rlz.
826 1720 916 1753 Mus.
936 1732 967 1753 a.
1000 1723 1081 1761 1883
1100 1726 1156 1762 pp.
1188 1731 1263 1761 514,
1291 1731 1333 1761 5:
1355 1722 1548 1753 confeceram

226 1764 313 1795 Soso
340 1775 378 1795 ex
405 1765 468 1796 Cic.
495 1764 601 1795 Acad.
633 1764 676 1795 11.
705 1776 735 1804 4.
769 1774 818 1805 12,
843 1764 955 1804 Steplz.
986 1764 1028 1795 B.
1055 1776 1080 1796 s.
1103 1776 1134 1795 u.
1158 1765 1326 1796 Ἀσκάλων
1429 1765 1547 1796 achaio

223 1808 399 1849 (suprascr.
430 1808 465 1849 c)
494 1807 551 1838 B:
582 1808 721 1839 achaico
748 1808 803 1838 Ar
825 1808 914 1838 Med.
1016 1809 1119 1840 uerba
1146 1808 1260 1839 codd.:
1285 1808 1381 1839 turba
1406 1807 1546 1849 Scaliger

223 1860 243 1890 3
266 1861 303 1881 se
320 1851 466 1889 liquntar
478 1850 625 1891 quinque
641 1851 673 1882 B
691 1862 697 1882 :
721 1862 758 1882 se
775 1851 871 1891 liquit
887 1851 1064 1891 argutique
1081 1851 1140 1882 M:
1168 1852 1303 1891 seliquit
1319 1851 1508 1891 arquitique
1526 1862 1548 1882 u

224 1898 255 1924 et
269 1894 517 1934 Rehdigeranus
528 1896 571 1925 60
644 1904 811 1934 uarroque
822 1894 879 1925 Bu
895 1907 902 1925 ;
927 1895 1086 1934 uarioque
1099 1895 1139 1926 M
1154 1907 1159 1925 :
1183 1895 1316 1934 Selique
1325 1895 1446 1935 scripsi.
1461 1894 1553 1935 quod

220 1938 401 1977 probarunt
419 1936 593 1968 Buecheler
603 1941 634 1968 et
646 1937 783 1969 Ribbeck
799 1940 807 1954 ‘
819 1937 899 1977 Seli,
919 1938 1013 1969 cati⁷
1034 1949 1141 1979 marg.
1157 1938 1286 1969 Pithoei
1296 1938 1406 1979 Epigr.
1420 1938 1444 1969 1.
1458 1944 1493 1979 p.
1508 1948 1547 1977 77

221 1980 438 2020 Tarquitique
454 1981 575 2022 Haupt
590 1992 597 2011 ε
622 1991 705 2011 num
716 1981 923 2021 Tetrilique?
947 1982 986 2023 cf.
1001 1981 1107 2013 Acad.
1119 1981 1178 2013 Pr.
1194 1981 1236 2013 ΙΙ.
1255 1991 1291 2012 11
1377 1992 1396 2020 4
1419 1982 1500 2013 scol.
1516 1981 1550 2011 B

222 2024 320 2055 nacio
332 2023 408 2054 ΒΜ
419 2023 512 2065 Clng.
526 2036 533 2056 :
559 2024 654 2055 uario
671 2024 756 2056 Aru
768 2024 854 2055 Med.
974 2034 993 2064 5
1017 2025 1063 2056 ite
1079 2026 1156 2056 hinc
1173 2029 1236 2056 ceti.
1255 2025 1386 2056 omissis
1396 2025 1453 2055 Ar
1461 2024 1548 2056 Med.

223 2067 331 2098 inanis
347 2067 426 2098 Ald.
449 2077 530 2107 1517
547 2079 554 2098 :
589 2068 621 2098 in
638 2068 691 2099 ani
707 2067 756 2100 B:
791 2068 885 2099 inani
909 2067 971 2099 Mu
987 2079 994 2100 :
1027 2068 1128 2099 inane
1151 2068 1311 2099 Heinsius
1326 2072 1355 2099 et
1368 2068 1414 2099 sic
1426 2067 1552 2099 Ft'edler

225 2111 342 2151 (1830)
488 2110 656 2142 cimbalon
673 2110 706 2142 B
721 2123 727 2143 :
751 2111 884 2142 cibalon
902 2111 944 2141 M
1065 2122 1082 2151 7
1108 2112 1234 2143 morosi
1249 2111 1419 2142 Baehrens
1527 2121 1549 2151 9

232 2163 241 2182 n
328 2159 338 2184 n

224 2188 310 2218 dicta
325 2188 423 2219 docta
437 2186 470 2217 B
622 2198 660 2219 10
684 2188 936 2219 uendicabimus
963 2187 1123 2220 Aldinae:
1159 2187 1405 2218 uindicauimus
1427 2187 1550 2219 MAr:

225 2230 433 2262 uindicamus
453 2230 487 2261 Β
498 2231 582 2262 Med.
733 2241 767 2262 11
795 2241 857 2262 uos
871 2241 1005 2270 quoque
1022 2231 1086 2261 iam
1105 2232 1150 2262 ite
1163 2231 1291 2271 (lamite
1304 2231 1350 2270 M,
1363 2231 1470 2262 limite
1479 2231 1548 2273 Ar)

224 2283 307 2304 sane
325 2275 421 2315 (seue
444 2273 486 2304 M
492 2274 559 2315 Ar)
572 2273 648 2305 ΒΜ
655 2274 728 2305 Αν;
752 2284 882 2314 uosque
904 2275 1008 2306 limite
1030 2284 1112 2305 sene
1129 2273 1213 2305 Med.
1229 2286 1236 2306 :
1272 2285 1334 2306 uos
1349 2285 1482 2314 quoque
1504 2275 1550 2306 ite

225 2316 372 2348 lasciuae
388 2316 550 2359 Scaliger:
575 2327 637 2349 uos
652 2328 783 2357 quoque
805 2318 862 2358 ite,
881 2317 1009 2348 saluete
1034 2318 1086 2349 uel
1106 2328 1235 2358 uosque
1257 2319 1323 2349 iam
1346 2318 1402 2358 ite,
1420 2317 1548 2350 saluete

224 2371 289 2401 ege.
341 2360 390 2400 Cf}
405 2361 490 2392 Flor.
510 2361 565 2392 1V.
589 2371 629 2393 10
650 2364 696 2393 ite
713 2366 747 2392 et
761 2361 848 2393 bene
865 2361 975 2393 ualete
992 2361 1137 2393 Romani
