<?xml version="1.0" encoding="UTF-8"?>
<!DOCTYPE html PUBLIC "-//W3C//DTD XHTML 1.0 Transitional//EN"
    "http://www.w3.org/TR/xhtml1/DTD/xhtml1-transitional.dtd">
<html xmlns="http://www.w3.org/1999/xhtml" xml:lang="en" lang="en">
 <head>
  <title>
</title>
<meta http-equiv="Content-Type" content="text/html;charset=utf-8" />
  <meta name='ocr-system' content='tesseract 3.04.00' />
  <meta name='ocr-capabilities' content='ocr_page ocr_carea ocr_par ocr_line ocrx_word'/>
</head>
<body>
  <div class='ocr_page' id='page_1' title='image "./appendixvergilia00elliuoft_0047.png"; bbox 0 0 1820 2802; ppageno 0'>
   <div class='ocr_carea' id='block_1_1' title="bbox 1358 158 1508 196">
    <p class='ocr_par' dir='ltr' id='par_1_1' title="bbox 1358 158 1508 196">
     <span class='ocr_line' id='line_1_1' title="bbox 1358 158 1508 196; baseline 0.007 -1"><span class='ocrx_word' id='word_1_1' title='bbox 1358 158 1508 196; x_wconf 90' lang='lat' dir='ltr'>CIRIS</span> 
     </span>
    </p>
   </div>
   <div class='ocr_carea' id='block_1_2' title="bbox 105 573 1516 1500">
    <p class='ocr_par' dir='ltr' id='par_1_2' title="bbox 187 573 1055 615">
     <span class='ocr_line' id='line_1_2' title="bbox 187 573 1055 615; baseline -0.003 0"><span class='ocrx_word' id='word_1_2' title='bbox 187 578 284 615; x_wconf 84' lang='lat' dir='ltr'>ETS1</span> <span class='ocrx_word' id='word_1_3' title='bbox 316 589 379 615; x_wconf 89' lang='lat' dir='ltr'>me</span> <span class='ocrx_word' id='word_1_4' title='bbox 408 575 518 615; x_wconf 86' lang='lat' dir='ltr'>uario</span> <span class='ocrx_word' id='word_1_5' title='bbox 547 575 734 614; x_wconf 86' lang='lat' dir='ltr'>iactatum</span> <span class='ocrx_word' id='word_1_6' title='bbox 763 573 892 614; x_wconf 88' lang='lat' dir='ltr'>laudis</span> <span class='ocrx_word' id='word_1_7' title='bbox 920 586 1055 612; x_wconf 86' lang='lat' dir='ltr'>amore</span> 
     </span>
    </p>

    <p class='ocr_par' dir='ltr' id='par_1_3' title="bbox 183 637 1114 703">
     <span class='ocr_line' id='line_1_3' title="bbox 183 637 1114 703; baseline -0.004 -23"><span class='ocrx_word' id='word_1_8' title='bbox 183 641 367 692; x_wconf 89' lang='lat' dir='ltr'>irritaque</span> <span class='ocrx_word' id='word_1_9' title='bbox 396 648 616 703; x_wconf 83' lang='lat' dir='ltr'>expertum</span> <span class='ocrx_word' id='word_1_10' title='bbox 628 639 781 691; x_wconf 87' lang='lat' dir='ltr'>fallacis</span> <span class='ocrx_word' id='word_1_11' title='bbox 804 637 978 690; x_wconf 86' lang='lat' dir='ltr'>praemia</span> <span class='ocrx_word' id='word_1_12' title='bbox 1005 637 1114 687; x_wconf 90' lang='lat' dir='ltr'>uulgi</span> 
     </span>
    </p>

    <p class='ocr_par' dir='ltr' id='par_1_4' title="bbox 105 696 1139 757">
     <span class='ocr_line' id='line_1_4' title="bbox 105 696 1139 757; baseline -0.006 -10"><span class='ocrx_word' id='word_1_13' title='bbox 105 700 108 703; x_wconf 43' lang='grc'>’</span> <span class='ocrx_word' id='word_1_14' title='bbox 152 706 401 757; x_wconf 64' lang='lat' dir='ltr'>(Cecropius</span> <span class='ocrx_word' id='word_1_15' title='bbox 431 705 561 744; x_wconf 79' lang='lat' dir='ltr'>suauis</span> <span class='ocrx_word' id='word_1_16' title='bbox 591 696 790 756; x_wconf 86' lang='lat' dir='ltr'>exspirans</span> <span class='ocrx_word' id='word_1_17' title='bbox 820 703 997 742; x_wconf 85' lang='lat' dir='ltr'>hortulus</span> <span class='ocrx_word' id='word_1_18' title='bbox 1026 716 1139 742; x_wconf 85' lang='lat' dir='ltr'>auras</span> 
     </span>
    </p>

    <p class='ocr_par' dir='ltr' id='par_1_5' title="bbox 183 758 1179 823">
     <span class='ocr_line' id='line_1_5' title="bbox 183 758 1179 823; baseline -0.004 -14"><span class='ocrx_word' id='word_1_19' title='bbox 183 770 360 810; x_wconf 88' lang='lat' dir='ltr'>florentis</span> <span class='ocrx_word' id='word_1_20' title='bbox 386 767 502 810; x_wconf 85' lang='lat' dir='ltr'>uiridi</span> <span class='ocrx_word' id='word_1_21' title='bbox 531 758 694 823; x_wconf 62' lang='lat' dir='ltr'>sop—hiae</span> <span class='ocrx_word' id='word_1_22' title='bbox 723 768 999 819; x_wconf 82' lang='lat' dir='ltr'>complectitur</span> <span class='ocrx_word' id='word_1_23' title='bbox 1029 767 1179 814; x_wconf 88' lang='lat' dir='ltr'>umbra,</span> 
     </span>
    </p>

    <p class='ocr_par' dir='ltr' id='par_1_6' title="bbox 165 830 1514 1007">
     <span class='ocr_line' id='line_1_6' title="bbox 190 832 1514 891; baseline -0.004 -17"><span class='ocrx_word' id='word_1_24' title='bbox 190 843 374 891; x_wconf 9' lang='lat' dir='ltr'>utum-Mea*</span> <span class='ocrx_word' id='word_1_25' title='bbox 397 842 561 886; x_wconf 83' lang='lat' dir='ltr'>quaeret</span> <span class='ocrx_word' id='word_1_26' title='bbox 585 838 671 887; x_wconf 60' lang='lat' dir='ltr'>eor</span> <span class='ocrx_word' id='word_1_27' title='bbox 688 834 852 885; x_wconf 86' lang='lat' dir='ltr'>dignum</span> <span class='ocrx_word' id='word_1_28' title='bbox 882 832 956 872; x_wconf 85' lang='lat' dir='ltr'>sibi</span> <span class='ocrx_word' id='word_1_29' title='bbox 986 836 1179 888; x_wconf 80' lang='lat' dir='ltr'>quaerere·</span> <span class='ocrx_word' id='word_1_30' title='bbox 1196 844 1370 885; x_wconf 82' lang='lat' dir='ltr'>carmen,</span> <span class='ocrx_word' id='word_1_31' title='bbox 1495 846 1514 878; x_wconf 84' lang='lat'><strong>5</strong></span> 
     </span>
     <span class='ocr_line' id='line_1_7' title="bbox 165 830 1318 1007; baseline -0.006 -67"><span class='ocrx_word' id='word_1_32' title='bbox 165 830 299 1007; x_wconf 55' lang='lat' dir='ltr'>fionge</span> <span class='ocrx_word' id='word_1_33' title='bbox 327 900 435 939; x_wconf 85' lang='lat' dir='ltr'>aliud</span> <span class='ocrx_word' id='word_1_34' title='bbox 465 894 639 939; x_wconf 86' lang='lat' dir='ltr'>studium</span> <span class='ocrx_word' id='word_1_35' title='bbox 668 898 787 949; x_wconf 71' lang='lat' dir='ltr'>atque</span> <span class='ocrx_word' id='word_1_36' title='bbox 815 897 912 936; x_wconf 87' lang='lat' dir='ltr'>alios</span> <span class='ocrx_word' id='word_1_37' title='bbox 941 886 1118 936; x_wconf 83' lang='lat' dir='ltr'>accincta</span> <span class='ocrx_word' id='word_1_38' title='bbox 1144 896 1318 951; x_wconf 46' lang='lat' dir='ltr'>IQQ⁷</span> 
     </span>
    </p>

    <p class='ocr_par' dir='ltr' id='par_1_7' title="bbox 183 961 1123 1023">
     <span class='ocr_line' id='line_1_8' title="bbox 183 961 1123 1023; baseline -0.004 -19"><span class='ocrx_word' id='word_1_39' title='bbox 183 965 298 1004; x_wconf 83' lang='lat' dir='ltr'>altius</span> <span class='ocrx_word' id='word_1_40' title='bbox 326 966 378 1004; x_wconf 88' lang='lat' dir='ltr'>ad</span> <span class='ocrx_word' id='word_1_41' title='bbox 408 964 539 1015; x_wconf 86' lang='lat' dir='ltr'>magni</span> <span class='ocrx_word' id='word_1_42' title='bbox 568 963 800 1023; x_wconf 51' lang='lat' dir='ltr'>†Suffindit</span> <span class='ocrx_word' id='word_1_43' title='bbox 828 962 955 1002; x_wconf 83' lang='lat' dir='ltr'>sidera</span> <span class='ocrx_word' id='word_1_44' title='bbox 984 961 1123 1001; x_wconf 90' lang='lat' dir='ltr'>mundi</span> 
     </span>
    </p>

    <p class='ocr_par' dir='ltr' id='par_1_8' title="bbox 184 1024 1269 1081">
     <span class='ocr_line' id='line_1_9' title="bbox 184 1024 1269 1081; baseline -0.005 -12"><span class='ocrx_word' id='word_1_45' title='bbox 184 1038 223 1070; x_wconf 91' lang='lat' dir='ltr'>et</span> <span class='ocrx_word' id='word_1_46' title='bbox 251 1030 440 1081; x_wconf 87' lang='lat' dir='ltr'>placitum</span> <span class='ocrx_word' id='word_1_47' title='bbox 469 1030 604 1080; x_wconf 87' lang='lat' dir='ltr'>paucis</span> <span class='ocrx_word' id='word_1_48' title='bbox 633 1042 727 1068; x_wconf 86' lang='lat' dir='ltr'>ausa</span> <span class='ocrx_word' id='word_1_49' title='bbox 756 1035 814 1068; x_wconf 89' lang='lat' dir='ltr'>est</span> <span class='ocrx_word' id='word_1_50' title='bbox 842 1028 1056 1066; x_wconf 84' lang='lat' dir='ltr'>ascendere</span> <span class='ocrx_word' id='word_1_51' title='bbox 1085 1024 1269 1074; x_wconf 84' lang='lat' dir='ltr'>collem,-¹</span> 
     </span>
    </p>

    <p class='ocr_par' dir='ltr' id='par_1_9' title="bbox 185 1093 1255 1146">
     <span class='ocr_line' id='line_1_10' title="bbox 185 1093 1255 1146; baseline -0.005 -12"><span class='ocrx_word' id='word_1_52' title='bbox 185 1108 265 1134; x_wconf 88' lang='lat' dir='ltr'>non</span> <span class='ocrx_word' id='word_1_53' title='bbox 294 1102 427 1146; x_wconf 83' lang='lat' dir='ltr'>tamen</span> <span class='ocrx_word' id='word_1_54' title='bbox 456 1093 644 1134; x_wconf 85' lang='lat' dir='ltr'>absistam</span> <span class='ocrx_word' id='word_1_55' title='bbox 673 1101 859 1144; x_wconf 87' lang='lat' dir='ltr'>coeptum</span> <span class='ocrx_word' id='word_1_56' title='bbox 889 1093 1071 1131; x_wconf 80' lang='lat' dir='ltr'>detexere</span> <span class='ocrx_word' id='word_1_57' title='bbox 1099 1104 1255 1137; x_wconf 88' lang='lat' dir='ltr'>munus,</span> 
     </span>
    </p>

    <p class='ocr_par' dir='ltr' id='par_1_10' title="bbox 185 1157 1516 1273">
     <span class='ocr_line' id='line_1_11' title="bbox 185 1157 1516 1223; baseline -0.005 -23"><span class='ocrx_word' id='word_1_58' title='bbox 185 1160 225 1199; x_wconf 90' lang='lat' dir='ltr'>in</span> <span class='ocrx_word' id='word_1_59' title='bbox 254 1159 335 1211; x_wconf 89' lang='lat' dir='ltr'>quo</span> <span class='ocrx_word' id='word_1_60' title='bbox 364 1160 446 1199; x_wconf 90' lang='lat' dir='ltr'>iure</span> <span class='ocrx_word' id='word_1_61' title='bbox 476 1173 582 1199; x_wconf 87' lang='lat' dir='ltr'>meas</span> <span class='ocrx_word' id='word_1_62' title='bbox 612 1159 763 1198; x_wconf 88' lang='lat' dir='ltr'>utinam</span> <span class='ocrx_word' id='word_1_63' title='bbox 793 1157 1037 1223; x_wconf 87' lang='lat' dir='ltr'>requiescere</span> <span class='ocrx_word' id='word_1_64' title='bbox 1066 1158 1205 1195; x_wconf 85' lang='lat' dir='ltr'>Musas</span> <span class='ocrx_word' id='word_1_65' title='bbox 1476 1171 1516 1194; x_wconf 84' lang='lat'>10</span> 
     </span>
     <span class='ocr_line' id='line_1_12' title="bbox 185 1208 1197 1273; baseline -0.005 -9"><span class='ocrx_word' id='word_1_66' title='bbox 185 1232 223 1264; x_wconf 94' lang='lat' dir='ltr'>et</span> <span class='ocrx_word' id='word_1_67' title='bbox 251 1224 388 1264; x_wconf 90' lang='lat' dir='ltr'>leuiter</span> <span class='ocrx_word' id='word_1_68' title='bbox 417 1224 608 1264; x_wconf 88' lang='lat' dir='ltr'>blandum</span> <span class='ocrx_word' id='word_1_69' title='bbox 638 1223 753 1262; x_wconf 84' lang='lat' dir='ltr'>liceat</span> <span class='ocrx_word' id='word_1_70' title='bbox 781 1208 984 1273; x_wconf 87' lang='lat' dir='ltr'>deponere</span> <span class='ocrx_word' id='word_1_71' title='bbox 1010 1234 1197 1260; x_wconf 84' lang='lat' dir='ltr'>amorem.</span> 
     </span>
    </p>

    <p class='ocr_par' dir='ltr' id='par_1_11' title="bbox 185 1289 1302 1403">
     <span class='ocr_line' id='line_1_13' title="bbox 185 1289 1264 1340; baseline -0.005 -12"><span class='ocrx_word' id='word_1_72' title='bbox 185 1290 294 1340; x_wconf 92' lang='lat' dir='ltr'>quod</span> <span class='ocrx_word' id='word_1_73' title='bbox 323 1289 354 1328; x_wconf 90' lang='lat' dir='ltr'>si</span> <span class='ocrx_word' id='word_1_74' title='bbox 384 1289 591 1339; x_wconf 87' lang='lat' dir='ltr'>mirificum</span> <span class='ocrx_word' id='word_1_75' title='bbox 620 1289 772 1338; x_wconf 69' lang='lat' dir='ltr'>sophiae</span> <span class='ocrx_word' id='word_1_76' title='bbox 799 1300 922 1338; x_wconf 88' lang='lat' dir='ltr'>genus</span> <span class='ocrx_word' id='word_1_77' title='bbox 952 1299 1072 1326; x_wconf 88' lang='lat' dir='ltr'>omne</span> <span class='ocrx_word' id='word_1_78' title='bbox 1101 1291 1264 1324; x_wconf 76' lang='lat' dir='ltr'>secutum</span> 
     </span>
     <span class='ocr_line' id='line_1_14' title="bbox 187 1349 1302 1411; baseline -0.004 -18"><span class='ocrx_word' id='word_1_79' title='bbox 187 1354 411 1403; x_wconf 88' lang='lat' dir='ltr'>(mirificum</span> <span class='ocrx_word' id='word_1_80' title='bbox 441 1354 512 1411; x_wconf 86' lang='lat' dir='ltr'>sed</span> <span class='ocrx_word' id='word_1_81' title='bbox 540 1353 657 1401; x_wconf 81' lang='lat' dir='ltr'>enim,</span> <span class='ocrx_word' id='word_1_82' title='bbox 689 1353 811 1392; x_wconf 90' lang='lat' dir='ltr'>modo</span> <span class='ocrx_word' id='word_1_83' title='bbox 841 1351 889 1390; x_wconf 90' lang='lat' dir='ltr'>sit</span> <span class='ocrx_word' id='word_1_84' title='bbox 918 1350 989 1390; x_wconf 89' lang='lat' dir='ltr'>tibi</span> <span class='ocrx_word' id='word_1_85' title='bbox 1018 1351 1120 1389; x_wconf 89' lang='lat' dir='ltr'>uelle</span> <span class='ocrx_word' id='word_1_86' title='bbox 1149 1349 1302 1401; x_wconf 91' lang='lat' dir='ltr'>libido),</span> 
     </span>
    </p>

    <p class='ocr_par' dir='ltr' id='par_1_12' title="bbox 188 1417 1171 1500">
     <span class='ocr_line' id='line_1_15' title="bbox 188 1417 1171 1500; baseline -0.004 -42"><span class='ocrx_word' id='word_1_87' title='bbox 188 1419 220 1458; x_wconf 89' lang='lat' dir='ltr'>si</span> <span class='ocrx_word' id='word_1_88' title='bbox 250 1433 314 1458; x_wconf 91' lang='lat' dir='ltr'>me</span> <span class='ocrx_word' id='word_1_89' title='bbox 342 1418 421 1457; x_wconf 84' lang='lat' dir='ltr'>iarn</span> <span class='ocrx_word' id='word_1_90' title='bbox 451 1432 606 1458; x_wconf 79' lang='lat' dir='ltr'>summa</span> <span class='ocrx_word' id='word_1_91' title='bbox 634 1417 826 1500; x_wconf 85' lang='lat' dir='ltr'>sapientia</span> <span class='ocrx_word' id='word_1_92' title='bbox 855 1423 1042 1493; x_wconf 87' lang='lat' dir='ltr'>pangeret</span> <span class='ocrx_word' id='word_1_93' title='bbox 1070 1429 1171 1489; x_wconf 75' lang='lat' dir='ltr'>arce,</span> 
     </span>
    </p>
   </div>
   <div class='ocr_carea' id='block_1_3' title="bbox 189 1494 1519 1598">
    <p class='ocr_par' dir='ltr' id='par_1_13' title="bbox 189 1494 1519 1598">
     <span class='ocr_line' id='line_1_16' title="bbox 234 1494 1519 1562; baseline -0.002 -9"><span class='ocrx_word' id='word_1_94' title='bbox 234 1522 269 1553; x_wconf 90' lang='lat' dir='ltr'>P.</span> <span class='ocrx_word' id='word_1_95' title='bbox 286 1521 418 1561; x_wconf 82' lang='lat' dir='ltr'>Virgilii</span> <span class='ocrx_word' id='word_1_96' title='bbox 437 1521 587 1553; x_wconf 86' lang='lat' dir='ltr'>Maronis</span> <span class='ocrx_word' id='word_1_97' title='bbox 605 1494 703 1562; x_wconf 83' lang='lat' dir='ltr'>Cyris</span> <span class='ocrx_word' id='word_1_98' title='bbox 720 1521 837 1561; x_wconf 85' lang='lat' dir='ltr'>incipit</span> <span class='ocrx_word' id='word_1_99' title='bbox 853 1495 908 1551; x_wconf 89' lang='lat' dir='ltr'>A:</span> <span class='ocrx_word' id='word_1_100' title='bbox 935 1528 1135 1552; x_wconf 81' lang='lat' dir='ltr'>P.V1RG11.11</span> <span class='ocrx_word' id='word_1_101' title='bbox 1161 1528 1402 1550; x_wconf 78' lang='lat' dir='ltr'>1LLV.P01·:TA1·:</span> <span class='ocrx_word' id='word_1_102' title='bbox 1425 1528 1519 1550; x_wconf 76' lang='lat' dir='ltr'>enus</span> 
     </span>
     <span class='ocr_line' id='line_1_17' title="bbox 189 1564 576 1598; baseline -0.008 0"><span class='ocrx_word' id='word_1_103' title='bbox 189 1574 368 1598; x_wconf 61' lang='lat' dir='ltr'>remensa</span> <span class='ocrx_word' id='word_1_104' title='bbox 392 1575 520 1596; x_wconf 72' lang='lat' dir='ltr'>mcum·</span> <span class='ocrx_word' id='word_1_105' title='bbox 542 1564 576 1595; x_wconf 88' lang='lat' dir='ltr'><em>R</em></span> 
     </span>
    </p>
   </div>
   <div class='ocr_carea' id='block_1_4' title="bbox 180 1622 1524 2449">
    <p class='ocr_par' dir='ltr' id='par_1_14' title="bbox 180 1622 1524 2449">
     <span class='ocr_line' id='line_1_18' title="bbox 232 1622 1516 1665; baseline -0.002 -9"><span class='ocrx_word' id='word_1_106' title='bbox 232 1636 252 1665; x_wconf 88' lang='lat'><strong>3</strong></span> <span class='ocrx_word' id='word_1_107' title='bbox 276 1636 396 1656; x_wconf 88' lang='lat' dir='ltr'>suaues</span> <span class='ocrx_word' id='word_1_108' title='bbox 416 1625 450 1656; x_wconf 91' lang='lat' dir='ltr'><em>U</em></span> <span class='ocrx_word' id='word_1_109' title='bbox 592 1625 755 1664; x_wconf 86' lang='lat' dir='ltr'>expirans</span> <span class='ocrx_word' id='word_1_110' title='bbox 770 1623 880 1655; x_wconf 84' lang='lat' dir='ltr'>ARU</span> <span class='ocrx_word' id='word_1_111' title='bbox 1017 1623 1140 1654; x_wconf 84' lang='lat' dir='ltr'>herbas</span> <span class='ocrx_word' id='word_1_112' title='bbox 1159 1623 1337 1663; x_wconf 84' lang='lat' dir='ltr'>(suprascr.</span> <span class='ocrx_word' id='word_1_113' title='bbox 1354 1622 1465 1660; x_wconf 80' lang='lat' dir='ltr'>auras)</span> <span class='ocrx_word' id='word_1_114' title='bbox 1483 1622 1516 1653; x_wconf 87' lang='lat' dir='ltr'><em>A</em></span> 
     </span>
     <span class='ocr_line' id='line_1_19' title="bbox 189 1665 1518 1709; baseline -0.002 -9"><span class='ocrx_word' id='word_1_115' title='bbox 189 1681 208 1709; x_wconf 89' lang='lat'>4</span> <span class='ocrx_word' id='word_1_116' title='bbox 233 1670 392 1701; x_wconf 83' lang='lat' dir='ltr'>florentes</span> <span class='ocrx_word' id='word_1_117' title='bbox 409 1669 524 1699; x_wconf 91' lang='lat' dir='ltr'>uiridis</span> <span class='ocrx_word' id='word_1_118' title='bbox 538 1667 650 1699; x_wconf 90' lang='lat' dir='ltr'>ARU</span> <span class='ocrx_word' id='word_1_119' title='bbox 726 1667 861 1698; x_wconf 89' lang='lat' dir='ltr'>umbras</span> <span class='ocrx_word' id='word_1_120' title='bbox 877 1666 1003 1698; x_wconf 90' lang='lat' dir='ltr'>ARU:</span> <span class='ocrx_word' id='word_1_121' title='bbox 1027 1677 1104 1698; x_wconf 87' lang='lat' dir='ltr'>corr</span> <span class='ocrx_word' id='word_1_122' title='bbox 1122 1665 1201 1698; x_wconf 85' lang='lat' dir='ltr'>Ald.</span> <span class='ocrx_word' id='word_1_123' title='bbox 1220 1675 1300 1705; x_wconf 90' lang='lat'>1517</span> <span class='ocrx_word' id='word_1_124' title='bbox 1390 1675 1410 1705; x_wconf 85' lang='lat'>5</span> <span class='ocrx_word' id='word_1_125' title='bbox 1433 1665 1518 1697; x_wconf 89' lang='lat' dir='ltr'>Tum</span> 
     </span>
     <span class='ocr_line' id='line_1_20' title="bbox 190 1707 1520 1753; baseline -0.004 -9"><span class='ocrx_word' id='word_1_126' title='bbox 190 1724 230 1744; x_wconf 90' lang='lat' dir='ltr'>ea</span> <span class='ocrx_word' id='word_1_127' title='bbox 240 1717 379 1753; x_wconf 85' lang='lat' dir='ltr'>quaeret</span> <span class='ocrx_word' id='word_1_128' title='bbox 396 1723 436 1743; x_wconf 88' lang='lat' dir='ltr'>eo</span> <span class='ocrx_word' id='word_1_129' title='bbox 447 1711 517 1742; x_wconf 84' lang='lat' dir='ltr'>AR</span> <span class='ocrx_word' id='word_1_130' title='bbox 523 1711 570 1743; x_wconf 98' lang='lat' dir='ltr'><em>U</em></span> <span class='ocrx_word' id='word_1_131' title='bbox 597 1721 677 1742; x_wconf 91' lang='lat' dir='ltr'>num</span> <span class='ocrx_word' id='word_1_132' title='bbox 691 1721 766 1742; x_wconf 90' lang='lat' dir='ltr'>mea</span> <span class='ocrx_word' id='word_1_133' title='bbox 778 1710 824 1742; x_wconf 82' lang='lat' dir='ltr'>ed.</span> <span class='ocrx_word' id='word_1_134' title='bbox 838 1711 1045 1742; x_wconf 74' lang='lat' dir='ltr'>Ascmsiana</span> <span class='ocrx_word' id='word_1_135' title='bbox 1067 1719 1172 1750; x_wconf 87' lang='lat'><strong>1507:</strong></span> <span class='ocrx_word' id='word_1_136' title='bbox 1194 1709 1321 1740; x_wconf 84' lang='lat' dir='ltr'>Arateo</span> <span class='ocrx_word' id='word_1_137' title='bbox 1336 1707 1379 1739; x_wconf 89' lang='lat' dir='ltr'><em>V</em></span> <span class='ocrx_word' id='word_1_138' title='bbox 1365 1710 1520 1740; x_wconf 77' lang='lat' dir='ltr'>zctorms</span> 
     </span>
     <span class='ocr_line' id='line_1_21' title="bbox 190 1752 1520 1796; baseline -0.004 -9"><span class='ocrx_word' id='word_1_139' title='bbox 190 1756 293 1788; x_wconf 84' lang='lat' dir='ltr'>Erato</span> <span class='ocrx_word' id='word_1_140' title='bbox 315 1755 484 1796; x_wconf 80' lang='lat' dir='ltr'>Scaliger.</span> <span class='ocrx_word' id='word_1_141' title='bbox 523 1765 586 1786; x_wconf 88' lang='lat' dir='ltr'>nec</span> <span class='ocrx_word' id='word_1_142' title='bbox 617 1765 692 1785; x_wconf 87' lang='lat' dir='ltr'>mea</span> <span class='ocrx_word' id='word_1_143' title='bbox 718 1754 789 1794; x_wconf 89' lang='lat' dir='ltr'>quit</span> <span class='ocrx_word' id='word_1_144' title='bbox 821 1755 906 1785; x_wconf 88' lang='lat' dir='ltr'>ratio</span> <span class='ocrx_word' id='word_1_145' title='bbox 938 1753 1106 1793; x_wconf 37' lang='lat' dir='ltr'>Bartanus</span> <span class='ocrx_word' id='word_1_146' title='bbox 1141 1752 1282 1794; x_wconf 83' lang='lat' dir='ltr'>Haupt:</span> <span class='ocrx_word' id='word_1_147' title='bbox 1322 1752 1400 1783; x_wconf 87' lang='lat' dir='ltr'>dum</span> <span class='ocrx_word' id='word_1_148' title='bbox 1425 1762 1520 1783; x_wconf 87' lang='lat' dir='ltr'>mens</span> 
     </span>
     <span class='ocr_line' id='line_1_22' title="bbox 189 1777 1520 1840; baseline -0.004 -9"><span class='ocrx_word' id='word_1_149' title='bbox 189 1800 301 1839; x_wconf 87' lang='lat' dir='ltr'>quiret</span> <span class='ocrx_word' id='word_1_150' title='bbox 312 1799 493 1838; x_wconf 78' lang='lat' dir='ltr'>Buecheler,</span> <span class='ocrx_word' id='word_1_151' title='bbox 503 1802 677 1840; x_wconf 84' lang='lat' dir='ltr'>praeeunte</span> <span class='ocrx_word' id='word_1_152' title='bbox 686 1797 756 1829; x_wconf 74' lang='lat' dir='ltr'>Nic.</span> <span class='ocrx_word' id='word_1_153' title='bbox 768 1796 892 1829; x_wconf 85' lang='lat' dir='ltr'>Loensz</span> <span class='ocrx_word' id='word_1_154' title='bbox 898 1796 1061 1837; x_wconf 81' lang='lat' dir='ltr'>Ept&#39;plzyll.</span> <span class='ocrx_word' id='word_1_155' title='bbox 1074 1777 1168 1827; x_wconf 89' lang='lat' dir='ltr'>VIII.</span> <span class='ocrx_word' id='word_1_156' title='bbox 1180 1806 1221 1835; x_wconf 84' lang='lat'>23</span> <span class='ocrx_word' id='word_1_157' title='bbox 1234 1806 1313 1827; x_wconf 89' lang='lat' dir='ltr'>num</span> <span class='ocrx_word' id='word_1_158' title='bbox 1325 1806 1399 1827; x_wconf 88' lang='lat' dir='ltr'>mea</span> <span class='ocrx_word' id='word_1_159' title='bbox 1410 1795 1520 1835; x_wconf 85' lang='lat' dir='ltr'>quiret</span> 
     </span>
     <span class='ocr_line' id='line_1_23' title="bbox 190 1838 1519 1882; baseline -0.004 -8"><span class='ocrx_word' id='word_1_160' title='bbox 190 1853 252 1874; x_wconf 89' lang='lat' dir='ltr'>eo:</span> <span class='ocrx_word' id='word_1_161' title='bbox 271 1843 302 1882; x_wconf 92' lang='lat' dir='ltr'>s.</span> <span class='ocrx_word' id='word_1_162' title='bbox 334 1843 414 1873; x_wconf 92' lang='lat' dir='ltr'>dum</span> <span class='ocrx_word' id='word_1_163' title='bbox 440 1852 514 1873; x_wconf 90' lang='lat' dir='ltr'>mea</span> <span class='ocrx_word' id='word_1_164' title='bbox 539 1852 646 1873; x_wconf 87' lang='lat' dir='ltr'>auens</span> <span class='ocrx_word' id='word_1_165' title='bbox 669 1842 754 1872; x_wconf 87' lang='lat' dir='ltr'>ratio</span> <span class='ocrx_word' id='word_1_166' title='bbox 877 1842 899 1871; x_wconf 88' lang='lat'><strong>6</strong></span> <span class='ocrx_word' id='word_1_167' title='bbox 922 1841 1072 1880; x_wconf 85' lang='lat' dir='ltr'>aliosque</span> <span class='ocrx_word' id='word_1_168' title='bbox 1098 1839 1146 1870; x_wconf 90' lang='lat' dir='ltr'>U:</span> <span class='ocrx_word' id='word_1_169' title='bbox 1180 1839 1266 1870; x_wconf 87' lang='lat' dir='ltr'>alios</span> <span class='ocrx_word' id='word_1_170' title='bbox 1291 1849 1378 1879; x_wconf 87' lang='lat' dir='ltr'>quae</span> <span class='ocrx_word' id='word_1_171' title='bbox 1405 1838 1519 1879; x_wconf 74' lang='lat' dir='ltr'>Pnelz,</span> 
     </span>
     <span class='ocr_line' id='line_1_24' title="bbox 190 1882 1521 1925; baseline -0.004 -7"><span class='ocrx_word' id='word_1_172' title='bbox 190 1885 364 1918; x_wconf 80' lang='lat' dir='ltr'>Schwabe:</span> <span class='ocrx_word' id='word_1_173' title='bbox 389 1887 492 1925; x_wconf 90' lang='lat' dir='ltr'>inque</span> <span class='ocrx_word' id='word_1_174' title='bbox 508 1885 594 1917; x_wconf 86' lang='lat' dir='ltr'>alios</span> <span class='ocrx_word' id='word_1_175' title='bbox 609 1885 795 1916; x_wconf 84' lang='lat' dir='ltr'>Housman</span> <span class='ocrx_word' id='word_1_176' title='bbox 912 1895 928 1923; x_wconf 95' lang='lat'><strong>7</strong></span> <span class='ocrx_word' id='word_1_177' title='bbox 955 1883 1107 1923; x_wconf 84' lang='lat' dir='ltr'>suspexit</span> <span class='ocrx_word' id='word_1_178' title='bbox 1124 1882 1296 1922; x_wconf 73' lang='lat' dir='ltr'>Schrader,</span> <span class='ocrx_word' id='word_1_179' title='bbox 1316 1882 1372 1914; x_wconf 88' lang='lat' dir='ltr'>Fr.</span> <span class='ocrx_word' id='word_1_180' title='bbox 1387 1882 1521 1913; x_wconf 84' lang='lat' dir='ltr'>Jacobs:</span> 
     </span>
     <span class='ocr_line' id='line_1_25' title="bbox 191 1925 1521 1980; baseline -0.004 -19"><span class='ocrx_word' id='word_1_181' title='bbox 191 1930 366 1980; x_wconf 85' lang='lat' dir='ltr'>suspendit</span> <span class='ocrx_word' id='word_1_182' title='bbox 393 1928 487 1961; x_wconf 87' lang='lat' dir='ltr'>AR:</span> <span class='ocrx_word' id='word_1_183' title='bbox 521 1929 680 1972; x_wconf 52' lang='lat' dir='ltr'>suspen-si</span> <span class='ocrx_word' id='word_1_184' title='bbox 712 1928 746 1959; x_wconf 90' lang='lat' dir='ltr'><em>U</em></span> <span class='ocrx_word' id='word_1_185' title='bbox 865 1928 886 1957; x_wconf 90' lang='lat'>8</span> <span class='ocrx_word' id='word_1_186' title='bbox 910 1927 1074 1967; x_wconf 89' lang='lat' dir='ltr'>placidum</span> <span class='ocrx_word' id='word_1_187' title='bbox 1099 1926 1170 1956; x_wconf 87' lang='lat' dir='ltr'>AR</span> <span class='ocrx_word' id='word_1_188' title='bbox 1216 1933 1218 1935; x_wconf 79' lang='grc'>’</span> <span class='ocrx_word' id='word_1_189' title='bbox 1327 1925 1439 1957; x_wconf 89' lang='lat' dir='ltr'>multis</span> <span class='ocrx_word' id='word_1_190' title='bbox 1467 1925 1521 1957; x_wconf 88' lang='lat' dir='ltr'>U:</span> 
     </span>
     <span class='ocr_line' id='line_1_26' title="bbox 191 1967 1522 2015; baseline -0.005 -10"><span class='ocrx_word' id='word_1_191' title='bbox 191 1974 307 2014; x_wconf 89' lang='lat' dir='ltr'>paucis</span> <span class='ocrx_word' id='word_1_192' title='bbox 323 1974 505 2015; x_wconf 73' lang='lat' dir='ltr'>(suprascr.</span> <span class='ocrx_word' id='word_1_193' title='bbox 523 1967 664 2014; x_wconf 75' lang='lat' dir='ltr'>mustis)</span> <span class='ocrx_word' id='word_1_194' title='bbox 668 1971 701 2002; x_wconf 94' lang='lat' dir='ltr'><em>A</em></span> <span class='ocrx_word' id='word_1_195' title='bbox 883 1981 922 2001; x_wconf 94' lang='lat'>10</span> <span class='ocrx_word' id='word_1_196' title='bbox 945 1981 1010 2010; x_wconf 90' lang='lat' dir='ltr'>que</span> <span class='ocrx_word' id='word_1_197' title='bbox 1029 1971 1205 2010; x_wconf 73' lang='lat' dir='ltr'>(suprascr.</span> <span class='ocrx_word' id='word_1_198' title='bbox 1222 1969 1305 2009; x_wconf 81' lang='lat' dir='ltr'>quo)</span> <span class='ocrx_word' id='word_1_199' title='bbox 1323 1969 1355 1999; x_wconf 88' lang='lat' dir='ltr'><em>A</em></span> <span class='ocrx_word' id='word_1_200' title='bbox 1477 1980 1522 2000; x_wconf 85' lang='lat' dir='ltr'>an</span> 
     </span>
     <span class='ocr_line' id='line_1_27' title="bbox 190 2012 1522 2054; baseline -0.005 -6"><span class='ocrx_word' id='word_1_201' title='bbox 190 2019 289 2049; x_wconf 62' lang='lat' dir='ltr'>rure(²</span> <span class='ocrx_word' id='word_1_202' title='bbox 443 2025 479 2047; x_wconf 87' lang='lat'>11</span> <span class='ocrx_word' id='word_1_203' title='bbox 506 2016 630 2047; x_wconf 86' lang='lat' dir='ltr'>leniter</span> <span class='ocrx_word' id='word_1_204' title='bbox 654 2015 688 2046; x_wconf 88' lang='lat' dir='ltr'><em>R</em></span> <span class='ocrx_word' id='word_1_205' title='bbox 843 2024 992 2046; x_wconf 87' lang='lat' dir='ltr'>amorem</span> <span class='ocrx_word' id='word_1_206' title='bbox 1010 2012 1146 2044; x_wconf 81' lang='lat' dir='ltr'>Loensis</span> <span class='ocrx_word' id='word_1_207' title='bbox 1170 2012 1331 2054; x_wconf 80' lang='lat' dir='ltr'>Epiphyll.</span> <span class='ocrx_word' id='word_1_208' title='bbox 1354 2012 1449 2045; x_wconf 89' lang='lat' dir='ltr'><strong>VIII.</strong></span> <span class='ocrx_word' id='word_1_209' title='bbox 1480 2022 1522 2051; x_wconf 86' lang='lat'>23</span> 
     </span>
     <span class='ocr_line' id='line_1_28' title="bbox 193 2051 1522 2102; baseline -0.005 -11"><span class='ocrx_word' id='word_1_210' title='bbox 193 2062 251 2091; x_wconf 83' lang='lat' dir='ltr'>‘ex</span> <span class='ocrx_word' id='word_1_211' title='bbox 282 2063 342 2092; x_wconf 82' lang='lat' dir='ltr'>uet.</span> <span class='ocrx_word' id='word_1_212' title='bbox 372 2059 494 2091; x_wconf 81' lang='lat' dir='ltr'>editt.’:</span> <span class='ocrx_word' id='word_1_213' title='bbox 527 2069 678 2102; x_wconf 84' lang='lat' dir='ltr'>morem</span> <span class='ocrx_word' id='word_1_214' title='bbox 682 2058 808 2097; x_wconf 88' lang='lat' dir='ltr'>ARU</span> <span class='ocrx_word' id='word_1_215' title='bbox 955 2051 1007 2090; x_wconf 70' lang='grc' dir='ltr'>’ἶε</span> <span class='ocrx_word' id='word_1_216' title='bbox 1031 2057 1120 2097; x_wconf 90' lang='lat' dir='ltr'>quod</span> <span class='ocrx_word' id='word_1_217' title='bbox 1152 2057 1179 2087; x_wconf 91' lang='lat' dir='ltr'>si</span> <span class='ocrx_word' id='word_1_218' title='bbox 1211 2056 1384 2087; x_wconf 83' lang='lat' dir='ltr'>mirificum</span> <span class='ocrx_word' id='word_1_219' title='bbox 1415 2066 1522 2095; x_wconf 86' lang='lat' dir='ltr'>genus</span> 
     </span>
     <span class='ocr_line' id='line_1_29' title="bbox 191 2098 1521 2142; baseline -0.005 -7"><span class='ocrx_word' id='word_1_220' title='bbox 191 2114 310 2135; x_wconf 88' lang='lat' dir='ltr'>omnes</span> <span class='ocrx_word' id='word_1_221' title='bbox 325 2103 432 2134; x_wconf 79' lang='lat' dir='ltr'>ARU</span> <span class='ocrx_word' id='word_1_222' title='bbox 532 2106 607 2142; x_wconf 80' lang='lat' dir='ltr'>post</span> <span class='ocrx_word' id='word_1_223' title='bbox 629 2112 748 2133; x_wconf 88' lang='lat' dir='ltr'>omnes</span> <span class='ocrx_word' id='word_1_224' title='bbox 769 2101 966 2132; x_wconf 85' lang='lat' dir='ltr'>Corsimanu</span> <span class='ocrx_word' id='word_1_225' title='bbox 1001 2111 1041 2140; x_wconf 85' lang='lat'>43</span> <span class='ocrx_word' id='word_1_226' title='bbox 1059 2100 1096 2132; x_wconf 88' lang='lat' dir='ltr'>F.</span> <span class='ocrx_word' id='word_1_227' title='bbox 1118 2110 1188 2131; x_wconf 90' lang='lat'>111.</span> <span class='ocrx_word' id='word_1_228' title='bbox 1207 2110 1246 2130; x_wconf 90' lang='lat'>21</span> <span class='ocrx_word' id='word_1_229' title='bbox 1265 2098 1358 2130; x_wconf 72' lang='lat' dir='ltr'>addzt</span> <span class='ocrx_word' id='word_1_230' title='bbox 1373 2099 1521 2139; x_wconf 89' lang='lat' dir='ltr'>philoso-</span> 
     </span>
     <span class='ocr_line' id='line_1_30' title="bbox 192 2142 1523 2188; baseline -0.005 -10"><span class='ocrx_word' id='word_1_231' title='bbox 192 2148 302 2187; x_wconf 88' lang='lat' dir='ltr'>phiam</span> <span class='ocrx_word' id='word_1_232' title='bbox 322 2146 408 2178; x_wconf 84' lang='lat' dir='ltr'>unde</span> <span class='ocrx_word' id='word_1_233' title='bbox 422 2156 479 2188; x_wconf 84' lang='lat' dir='ltr'>ego</span> <span class='ocrx_word' id='word_1_234' title='bbox 494 2147 636 2186; x_wconf 88' lang='lat' dir='ltr'>sophiae</span> <span class='ocrx_word' id='word_1_235' title='bbox 654 2145 760 2185; x_wconf 57' lang='lat' dir='ltr'>igntulz</span> <span class='ocrx_word' id='word_1_236' title='bbox 772 2155 891 2176; x_wconf 87' lang='lat' dir='ltr'>omnes</span> <span class='ocrx_word' id='word_1_237' title='bbox 909 2145 1059 2184; x_wconf 78' lang='lat' dir='ltr'>reliquias</span> <span class='ocrx_word' id='word_1_238' title='bbox 1075 2147 1167 2174; x_wconf 84' lang='lat' dir='ltr'>ratus</span> <span class='ocrx_word' id='word_1_239' title='bbox 1178 2153 1243 2174; x_wconf 83' lang='lat' dir='ltr'>esse</span> <span class='ocrx_word' id='word_1_240' title='bbox 1252 2153 1320 2173; x_wconf 78' lang='lat' dir='ltr'>etus</span> <span class='ocrx_word' id='word_1_241' title='bbox 1332 2142 1523 2183; x_wconf 83' lang='lat' dir='ltr'>quodprius</span> 
     </span>
     <span class='ocr_line' id='line_1_31' title="bbox 180 2184 1524 2231; baseline -0.004 -9"><span class='ocrx_word' id='word_1_242' title='bbox 180 2190 299 2231; x_wconf 85' lang='lat' dir='ltr'>suerat</span> <span class='ocrx_word' id='word_1_243' title='bbox 325 2200 425 2222; x_wconf 88' lang='lat' dir='ltr'>omne</span> <span class='ocrx_word' id='word_1_244' title='bbox 456 2194 610 2221; x_wconf 86' lang='lat' dir='ltr'>secutum</span> <span class='ocrx_word' id='word_1_245' title='bbox 699 2199 806 2229; x_wconf 86' lang='lat' dir='ltr'>genus</span> <span class='ocrx_word' id='word_1_246' title='bbox 838 2199 858 2219; x_wconf 94' lang='lat' dir='ltr'>o</span> <span class='ocrx_word' id='word_1_247' title='bbox 891 2187 1051 2219; x_wconf 78' lang='lat' dir='ltr'>Messalia</span> <span class='ocrx_word' id='word_1_248' title='bbox 1081 2192 1258 2227; x_wconf 85' lang='lat' dir='ltr'>parentum</span> <span class='ocrx_word' id='word_1_249' title='bbox 1282 2184 1349 2217; x_wconf 82' lang='lat' dir='ltr'>Leo</span> <span class='ocrx_word' id='word_1_250' title='bbox 1372 2185 1524 2217; x_wconf 76' lang='lat' dir='ltr'>scnbebat</span> 
     </span>
     <span class='ocr_line' id='line_1_32' title="bbox 196 2228 1521 2274; baseline -0.005 -8.917"><span class='ocrx_word' id='word_1_251' title='bbox 196 2243 234 2274; x_wconf 89' lang='lat'>13</span> <span class='ocrx_word' id='word_1_252' title='bbox 257 2238 310 2265; x_wconf 88' lang='lat' dir='ltr'>set</span> <span class='ocrx_word' id='word_1_253' title='bbox 326 2234 415 2265; x_wconf 90' lang='lat' dir='ltr'>enim</span> <span class='ocrx_word' id='word_1_254' title='bbox 432 2233 517 2266; x_wconf 83' lang='lat' dir='ltr'>idem</span> <span class='ocrx_word' id='word_1_255' title='bbox 536 2233 770 2265; x_wconf 78' lang='lat' dir='ltr'>Corsinianus.</span> <span class='ocrx_word' id='word_1_256' title='bbox 796 2232 869 2263; x_wconf 86' lang='lat' dir='ltr'>sedi</span> <span class='ocrx_word' id='word_1_257' title='bbox 886 2231 941 2262; x_wconf 89' lang='lat' dir='ltr'>R:</span> <span class='ocrx_word' id='word_1_258' title='bbox 969 2230 1095 2261; x_wconf 87' lang='lat' dir='ltr'>secliA</span> <span class='ocrx_word' id='word_1_259' title='bbox 1282 2239 1321 2268; x_wconf 81' lang='lat'>14</span> <span class='ocrx_word' id='word_1_260' title='bbox 1346 2238 1420 2260; x_wconf 89' lang='lat' dir='ltr'>mea</span> <span class='ocrx_word' id='word_1_261' title='bbox 1433 2228 1521 2260; x_wconf 87' lang='lat' dir='ltr'>Cors.</span> 
     </span>
     <span class='ocr_line' id='line_1_33' title="bbox 191 2272 1523 2317; baseline -0.004 -8"><span class='ocrx_word' id='word_1_262' title='bbox 191 2287 322 2309; x_wconf 88' lang='lat' dir='ltr'>summa</span> <span class='ocrx_word' id='word_1_263' title='bbox 348 2276 457 2308; x_wconf 89' lang='lat' dir='ltr'>ARU</span> <span class='ocrx_word' id='word_1_264' title='bbox 576 2276 740 2317; x_wconf 86' lang='lat' dir='ltr'>patientia</span> <span class='ocrx_word' id='word_1_265' title='bbox 776 2274 849 2307; x_wconf 89' lang='lat' dir='ltr'>RU</span> <span class='ocrx_word' id='word_1_266' title='bbox 875 2285 950 2306; x_wconf 85' lang='lat' dir='ltr'>cum</span> <span class='ocrx_word' id='word_1_267' title='bbox 983 2274 1099 2306; x_wconf 55' lang='lat' dir='ltr'>Cora:</span> <span class='ocrx_word' id='word_1_268' title='bbox 1138 2272 1312 2314; x_wconf 87' lang='lat' dir='ltr'>paciencia</span> <span class='ocrx_word' id='word_1_269' title='bbox 1344 2274 1523 2314; x_wconf 80' lang='lat' dir='ltr'>(suprascr.</span> 
     </span>
     <span class='ocr_line' id='line_1_34' title="bbox 191 2315 1522 2362; baseline -0.005 -10"><span class='ocrx_word' id='word_1_270' title='bbox 191 2321 372 2362; x_wconf 80' lang='lat' dir='ltr'>sapientia)</span> <span class='ocrx_word' id='word_1_271' title='bbox 384 2320 417 2351; x_wconf 88' lang='lat' dir='ltr'><em>A</em></span> <span class='ocrx_word' id='word_1_272' title='bbox 527 2330 606 2352; x_wconf 86' lang='lat' dir='ltr'>arce</span> <span class='ocrx_word' id='word_1_273' title='bbox 618 2319 708 2352; x_wconf 69' lang='lat' dir='ltr'>Cors.</span> <span class='ocrx_word' id='word_1_274' title='bbox 727 2330 803 2351; x_wconf 88' lang='lat' dir='ltr'>cum</span> <span class='ocrx_word' id='word_1_275' title='bbox 819 2317 1054 2358; x_wconf 77' lang='lat' dir='ltr'>Neapolitano:</span> <span class='ocrx_word' id='word_1_276' title='bbox 1079 2322 1151 2348; x_wconf 85' lang='lat' dir='ltr'>arte</span> <span class='ocrx_word' id='word_1_277' title='bbox 1171 2315 1220 2348; x_wconf 88' lang='lat' dir='ltr'>U:</span> <span class='ocrx_word' id='word_1_278' title='bbox 1245 2321 1336 2347; x_wconf 88' lang='lat' dir='ltr'>artes</span> <span class='ocrx_word' id='word_1_279' title='bbox 1351 2315 1385 2347; x_wconf 89' lang='lat' dir='ltr'><em>R</em></span> <span class='ocrx_word' id='word_1_280' title='bbox 1401 2327 1408 2347; x_wconf 74' lang='grc' dir='ltr'>ε</span> <span class='ocrx_word' id='word_1_281' title='bbox 1430 2321 1522 2347; x_wconf 88' lang='lat' dir='ltr'>artes</span> 
     </span>
     <span class='ocr_line' id='line_1_35' title="bbox 196 2360 1524 2406; baseline -0.003 -12"><span class='ocrx_word' id='word_1_282' title='bbox 196 2365 375 2405; x_wconf 84' lang='lat' dir='ltr'>(suprascr.</span> <span class='ocrx_word' id='word_1_283' title='bbox 403 2365 451 2406; x_wconf 72' lang='lat' dir='ltr'>te)</span> <span class='ocrx_word' id='word_1_284' title='bbox 477 2363 511 2395; x_wconf 81' lang='lat' dir='ltr'><em>A</em></span> <span class='ocrx_word' id='word_1_285' title='bbox 602 2364 631 2394; x_wconf 88' lang='lat' dir='ltr'>si</span> <span class='ocrx_word' id='word_1_286' title='bbox 659 2373 735 2395; x_wconf 89' lang='lat' dir='ltr'>mea</span> <span class='ocrx_word' id='word_1_287' title='bbox 757 2363 820 2393; x_wconf 92' lang='lat' dir='ltr'>iam</span> <span class='ocrx_word' id='word_1_288' title='bbox 846 2360 1198 2401; x_wconf 80' lang='lat' dir='ltr'>summasprudentia</span> <span class='ocrx_word' id='word_1_289' title='bbox 1222 2360 1403 2400; x_wconf 85' lang='lat' dir='ltr'>prenderet</span> <span class='ocrx_word' id='word_1_290' title='bbox 1428 2370 1524 2391; x_wconf 76' lang='lat' dir='ltr'>arces</span> 
     </span>
     <span class='ocr_line' id='line_1_36' title="bbox 198 2404 1302 2449; baseline -0.004 -11"><span class='ocrx_word' id='word_1_291' title='bbox 198 2407 317 2449; x_wconf 81' lang='lat' dir='ltr'>Unger,</span> <span class='ocrx_word' id='word_1_292' title='bbox 335 2412 364 2439; x_wconf 82' lang='lat' dir='ltr'>et</span> <span class='ocrx_word' id='word_1_293' title='bbox 376 2408 422 2439; x_wconf 78' lang='lat' dir='ltr'>sic</span> <span class='ocrx_word' id='word_1_294' title='bbox 435 2407 493 2439; x_wconf 82' lang='lat' dir='ltr'>sed</span> <span class='ocrx_word' id='word_1_295' title='bbox 504 2408 530 2440; x_wconf 88' lang='lat' dir='ltr'>si</span> <span class='ocrx_word' id='word_1_296' title='bbox 547 2408 628 2438; x_wconf 91' lang='lat' dir='ltr'>mihi</span> <span class='ocrx_word' id='word_1_297' title='bbox 644 2432 651 2439; x_wconf 97' lang='lat'>.</span> <span class='ocrx_word' id='word_1_298' title='bbox 673 2431 679 2438; x_wconf 93' lang='lat'>.</span> <span class='ocrx_word' id='word_1_299' title='bbox 702 2431 708 2439; x_wconf 90' lang='lat'>.</span> <span class='ocrx_word' id='word_1_300' title='bbox 726 2406 891 2446; x_wconf 82' lang='lat' dir='ltr'>sapientia</span> <span class='ocrx_word' id='word_1_301' title='bbox 907 2405 1071 2446; x_wconf 84' lang='lat' dir='ltr'>panderet</span> <span class='ocrx_word' id='word_1_302' title='bbox 1088 2404 1302 2436; x_wconf 79' lang='lat' dir='ltr'>Friesemann</span> 
     </span>
    </p>
   </div>
  </div>
 </body>
</html>
