1820 2802
308 148 465 187 CIRIS

307 257 416 308 (nam
446 271 584 298 uerum
613 260 818 307 fateamur,
847 266 953 298 amat
983 260 1244 310 Polyhymnia
1273 262 1429 312 uerum)
1599 275 1640 309 55

306 324 423 374 longe
452 322 537 362 alia
548 323 756 374 perhibent
777 330 967 362 mutatam
998 325 1176 364 membra
1205 326 1327 376 figura

306 388 528 437 Scyllaeum
559 395 736 427 monstro
765 401 901 432 saxum
931 388 1142 428 infestante
1170 389 1314 429 uocari

305 451 412 491 illam
442 466 528 491 esse
556 452 754 510 aerumnis
783 466 902 503 quam
932 466 1050 504 saepe
1078 455 1254 513 legamus
1285 453 1388 493 Vlixi

305 516 477 556 candida
507 516 748 556 succinctam
779 517 1011 557 latrantibus
1041 518 1201 569 inguina
1231 518 1416 558 monstris

278 529 297 618 l
306 581 511 620 Dulichias
541 595 703 621 uexasse
731 589 832 622 rates
853 590 891 622 et
919 582 1069 633 gurgite
1098 583 1138 622 in
1167 585 1247 623 alto
1595 588 1641 622 60

305 647 521 699 deprensos
551 655 690 687 nautas
720 648 885 687 canibus
915 650 1106 688 lacerasse
1136 648 1306 688 marinis.

304 713 374 751 sed
404 725 534 763 neque
566 712 778 766 Maeoniae
807 713 1009 764 patiuntur
1037 714 1197 753 credere
1226 715 1383 753 chartae
1414 720 1431 736 ·’

304 791 378 816 nec
408 779 534 816 malus
564 777 728 816 istorum
758 777 890 817 dubiis
921 766 1292 818 errorissus¹aucton

303 856 476 894 namque
505 843 599 882 alias
629 843 694 882 alii
724 844 844 894 uulgo
874 845 1020 883 finxere
1049 845 1200 895 puellas

302 921 404 959 quae
434 908 737 959 Colophoniaco
767 910 918 958 Scyllae
948 909 1134 948 dicuntur
1165 910 1356 948 Homero.
1593 917 1636 959 65

301 972 384 1024 ipse
415 973 598 1014 Crataein
628 973 682 1011 ait
712 981 875 1012 matrem
890 988 900 1022 3
927 975 1009 1029 sed
1039 973 1122 1012 siue
1153 974 1353 1021 Hecateis‚

300 1038 383 1077 siue
413 1038 519 1077 illam
550 1046 727 1078 monstro
755 1031 895 1089 genuit
914 1028 1115 1091 :igrauena
1144 1039 1312 1087 biformi,

300 1103 385 1143 siue
414 1112 473 1144 est
502 1112 641 1144 neutra
670 1118 822 1156 parens,
854 1113 974 1156 atque
1004 1107 1081 1145 hoc
1111 1105 1151 1144 in
1181 1105 1354 1145 carmine
1384 1113 1469 1144 toto

301 1169 472 1220 inguinis
502 1177 560 1209 est
589 1169 730 1208 uitium
761 1177 798 1209 et
828 1170 995 1210 Veneris
1024 1170 1222 1222 descripta
1251 1170 1376 1210 libido
1392 1184 1402 1218 3

300 1234 384 1281 siue
413 1234 531 1274 etiam
562 1234 672 1288 iactis
702 1235 875 1286 speciem
905 1243 1055 1274 mutata
1085 1236 1248 1293 uenenis
1596 1248 1638 1284 70

1482 694 1485 713 l

342 1340 451 1380 59-62
476 1338 543 1371 Ecl.
562 1339 622 1371 VI.
643 1349 747 1379 74-77

429 1383 521 1422 Quid
546 1383 664 1423 loquar
687 1388 745 1414 aut
770 1383 922 1424 Scyllam
949 1383 1033 1424 Nisi,
1061 1393 1160 1424 quam
1186 1383 1273 1414 fama
1296 1387 1411 1415 secuta
1436 1388 1488 1415 est

429 1427 573 1458 candida
596 1427 803 1458 succinctam
828 1427 1029 1459 latrantibus
1054 1427 1193 1467 inguina
1210 1428 1371 1459 monstris

432 1470 605 1502 Dulichias
629 1480 774 1502 uexasse
799 1476 889 1502 rates
914 1476 949 1502 et
972 1471 1107 1511 gurgite
1131 1472 1165 1502 in
1189 1471 1270 1510 alto,

428 1524 460 1554 a,
485 1514 620 1545 timidos
644 1519 763 1546 nautas
788 1515 927 1546 canibus
951 1514 1119 1546 lacerasse
1143 1515 1292 1546 marinis.

341 1589 382 1620 55
407 1586 520 1612 amant
541 1580 574 1611 U
714 1580 940 1621 polyhymnia
955 1580 1002 1612 ed.
1026 1590 1106 1621 1507
1123 1592 1130 1612 :
1154 1580 1291 1621 polimia
1307 1580 1340 1611 Α
1357 1592 1364 1612 :
1388 1580 1549 1621 polimnia
1566 1581 1638 1613 RU

299 1625 342 1663 56
365 1623 409 1655 sic
432 1624 479 1656 U:
509 1624 611 1664 longe
637 1623 735 1655 aliam
761 1625 942 1664 perhibent
967 1625 1163 1664 (prohibent
1191 1625 1237 1665 R)
1264 1629 1388 1656 mutata
1420 1625 1453 1657 in
1486 1625 1634 1657 membra

300 1668 443 1707 figuram
468 1667 538 1699 AR
645 1669 795 1708 „mic
816 1669 948 1710 scripsi:
972 1677 1056 1699 saxo
1079 1673 1230 1700 monstra
1247 1668 1407 1700 insectata
1433 1669 1552 1700 uocaui
1579 1669 1634 1700 R:

299 1716 449 1743 monstra
476 1721 637 1742 saxosum
667 1711 843 1753 (suprascr.
872 1713 906 1743 in
937 1712 1034 1752 saxa)
1059 1712 1219 1744 insectata
1247 1712 1425 1753 (suprascr.
1450 1712 1633 1752 conuersa)

299 1755 419 1786 uocaui
450 1755 493 1796 (ri
524 1760 706 1796 suprascr.)
738 1756 797 1786 A:
829 1760 980 1787 monstra
1013 1756 1047 1786 in
1080 1765 1200 1787 saxum
1234 1766 1402 1787 conuersa
1431 1756 1545 1787 uocari
1582 1756 1633 1787 U:

298 1803 450 1830 monstro
483 1809 603 1830 saxum
642 1799 803 1830 infestare
842 1799 956 1830 uoraci
991 1798 1138 1840 Haupt:
1179 1799 1216 1839 cf.
1252 1799 1351 1831 Ouid.
1385 1799 1433 1831 Ib.
1470 1801 1535 1838 385
1570 1800 1633 1831 ‘Vt

297 1852 382 1881 quos
400 1842 514 1882 Scylla
531 1843 656 1874 uorax’
822 1844 864 1882 58
888 1843 982 1885 esse]
1012 1853 1145 1884 messea
1171 1843 1227 1874 A:
1254 1853 1387 1874 messea
1412 1843 1470 1874 R:
1493 1853 1570 1874 esse
1602 1843 1636 1874 U

297 1885 539 1926 erumpnisA:
568 1896 633 1917 om.
654 1886 710 1917 R:
725 1886 807 1926 sort.
824 1887 983 1924 errantis,
1000 1886 1030 1918 ὃς
1045 1885 1131 1925 μάλα
1142 1885 1250 1917 πολλὰ
1266 1886 1429 1927 Πλάγχθη
1591 1888 1631 1918 61

296 1928 503 1970 deprensos]
537 1940 556 1960 a
587 1929 723 1961 timidos
753 1929 923 1970 Vergihzw,
952 1930 989 1970 cf
1011 1929 1153 1962 Skutsch
1184 1929 1263 1961 Ans
1295 1930 1418 1971 Vergils
1448 1929 1630 1970 Fruehzeit,

290 1978 324 2013 p.
368 1983 409 2013 97
512 1973 624 2004 nautis
655 1972 688 2003 A
788 1973 927 2005 latrasse
944 1974 977 2005 R
1080 1984 1215 2005 uersum
1229 1984 1296 2005 om.
1321 1973 1352 2005 U
1482 1976 1524 2005 62
1548 1975 1632 2005 haec

290 2020 369 2057 post
394 2016 571 2048 Maeoniae
595 2016 669 2047 add.
694 2016 731 2057 U,
759 2022 922 2057 suprascr.
948 2017 1088 2049 lzabetA
1232 2018 1275 2057 63
1299 2017 1423 2059 malus]
1450 2017 1558 2049 bonus
1584 2017 1638 2049 uel

295 2060 408 2100 grauis
429 2059 525 2091 Walz
703 2062 745 2100 65
770 2061 929 2092 dicuntur
959 2061 1084 2092 ARU:
1126 2061 1280 2092 dicantur
1311 2061 1403 2102 uulg.
1589 2062 1634 2092 66

295 2104 453 2135 Crataein
471 2104 517 2135 ait
529 2103 661 2144 Heyne:
690 2104 833 2144 gratinei
857 2104 984 2136 ARU:
1009 2105 1149 2136 cratinei
1163 2104 1210 2136 ed.
1223 2104 1333 2136 Paris.
1349 2114 1433 2144 1500
1449 2116 1455 2135 τ
1472 2104 1632 2136 Crataein

297 2148 327 2178 ei
344 2147 445 2189 Sillsg
577 2147 741 2179 Hecateis
770 2148 907 2188 scripsi:
935 2149 1055 2179 erithei
1086 2147 1176 2180 AR:
1212 2147 1352 2179 ericthei
1388 2148 1441 2179 U:
1479 2148 1633 2180 Crataeis

297 2191 389 2232 uulg.
581 2193 622 2230 67
648 2201 797 2231 grauena
814 2192 847 2222 R
865 2204 872 2223 z
896 2192 1071 2232 grandena
1092 2203 1130 2223 ex
1151 2202 1299 2232 grauena
1315 2192 1347 2223 A
1366 2203 1373 2222 :
1390 2192 1564 2231 grandeua
1581 2193 1632 2224 U:

295 2245 419 2266 cranaa
435 2234 627 2276 Chigianus.
683 2235 816 2266 Videtur
836 2236 932 2267 latere
955 2246 1074 2267 nomen
1098 2236 1132 2266 in
1159 2247 1256 2275 -αινα,
1278 2235 1393 2276 qualia
1419 2236 1527 2267 multa
1554 2240 1634 2267 sunt

291 2279 434 2318 piscium
453 2278 585 2318 ζύγαινα
601 2277 736 2318 μύραινα
753 2278 911 2320 σφύραινα
927 2279 1068 2319 <pamma
1082 2279 1236 2320 φάλαινα.
1283 2279 1403 2310 Fuitne
1417 2279 1631 2319 glanyaenaZ

294 2332 339 2352 an
356 2321 564 2362 glaucaena?
589 2327 777 2354 monstrum
795 2332 825 2362 g.
846 2333 949 2362 graue
967 2323 1120 2355 Echidna
1136 2322 1286 2354 biformis
1303 2321 1445 2364 Haupt:
1479 2328 1631 2355 monstro

294 2366 472 2405 generauit
489 2365 640 2397 Echidna
656 2366 790 2397 biformi
806 2365 988 2398 Housman
1080 2368 1124 2407 69
1148 2367 1181 2398 id
1192 2372 1256 2408 pro
1273 2371 1325 2398 est
1345 2366 1378 2397 U
1463 2371 1498 2398 et
1513 2378 1578 2398 om.
1603 2367 1637 2398 U

297 2419 338 2448 70
362 2409 458 2441 iactis
475 2409 507 2440 R
522 2421 529 2440 :
546 2409 674 2441 exactis
695 2409 747 2441 U:
771 2409 865 2442 iactis
883 2411 1063 2451 (suprascr.
1079 2410 1224 2451 exactis)
1242 2410 1274 2441 Α
1293 2422 1299 2442 :
1326 2410 1426 2441 tactis
1442 2409 1611 2442 Baehrens
