1820 2802
322 142 472 181 CIRIS

321 250 480 301 uirginis
510 249 549 288 in
580 252 715 289 tenera
743 250 929 288 defixerat
960 249 1092 288 omnia
1124 256 1266 288 mente.

374 317 488 365 Quae
518 315 633 354 simul
663 328 710 353 ac
739 314 850 353 uenis
881 314 1009 353 hausit
1040 313 1262 352 sitientibus
1293 313 1422 364 ignem
1608 325 1654 357 ,μυ
1681 324 1685 326 ’

319 389 357 420 et
387 380 562 420 ualidum
593 380 751 431 penitus
781 379 965 429 concepit
994 379 1035 417 in
1063 392 1154 418 ossa
1183 380 1364 426 furorem,
1400 403 1417 407 ν»
1508 369 1511 375 ⁴
1576 368 1589 379 ⁹

318 459 436 484 saeua
465 447 573 484 uelut
602 444 740 495 gelidis
772 445 960 483 Edonum
992 443 1165 483 Bistonis
1194 443 1270 482 oris
1589 449 1649 491 165

318 511 447 559 ictQue
477 510 681 550 barbarico
713 510 881 560 Cybeles
911 509 1085 548 antistita
1113 509 1230 557 buxo,

317 575 450 614 infelix
480 575 590 625 uirgo
620 582 702 613 tota
731 575 946 613 bacchatur
974 574 1014 612 in
1044 574 1151 620 urbe,

317 654 398 680 non
428 647 580 679 storace
610 641 734 679 Idaeo
764 639 962 690 fraglantis
992 638 1098 689 picta
1126 638 1301 689 capillos,

316 692 590 744 commas—non
620 706 763 743 teneris
793 704 962 753 pedibus
993 703 1176 753 Sicyonia
1205 717 1377 751 seruans,

316 783 397 808 non
427 770 546 808 niueo
575 768 747 807 retinens
778 769 925 817 bacata·
946 767 1108 806 monilia
1137 769 1252 806 collo.
1590 782 1652 817 170

317 836 485 873 multum
516 833 570 872 illi
600 833 750 872 incerto
780 833 978 883 trepidant
1007 832 1171 882 uestigia
1201 846 1326 871 cursu.

316 912 434 950 saepe
463 898 564 938 redit
593 898 739 949 patrios
769 900 983 937 ascendere
1012 897 1165 948 perdita
1195 911 1327 936 muros

315 965 518 1015 aeriasque
547 964 639 1003 facit
668 977 826 1002 causam
857 977 898 1002 se
928 963 1054 1002 uisere
1083 963 1195 1002 turris
1210 979 1220 1012 ;

316 1026 434 1081 saepe
464 1029 581 1068 etiam
612 1027 731 1080 tristis
762 1030 929 1067 uoluens
959 1028 998 1066 in
1029 1035 1146 1068 nocte
1176 1030 1354 1084 querelas

315 1094 476 1134 sedibus
506 1108 553 1133 ex
581 1081 669 1132 altis
699 1094 821 1134 †caeli
852 1095 1074 1144 speculatur
1102 1106 1292 1142 amorem,
1594 1108 1650 1143 175

315 1167 521 1210 castraque
551 1165 776 1209 prospectat
806 1158 951 1197 crebris
981 1157 1153 1196 lucentia
1184 1158 1363 1197 flammis.

316 1227 423 1264 nulla
452 1226 585 1275 colum
614 1223 739 1272 nouit,
769 1237 902 1262 carum
932 1236 1013 1262 non
1043 1223 1200 1273 respicit
1229 1237 1379 1271 aurum,

316 1305 395 1330 non
426 1298 560 1340 arguta
591 1296 733 1328 sonant
763 1289 872 1328 tenui
901 1288 1083 1339 psalteria
1112 1290 1273 1329 chorda.

315 1396 407 1427 tenui
419 1395 503 1425 Ellis
519 1405 525 1425 ε
545 1399 608 1434 pro
620 1393 725 1424 tii-itia
737 1392 886 1434 Scaliger
900 1393 1078 1432 torrentia,
1092 1392 1255 1423 Barlln'ns
1267 1393 1445 1432 Gortynia,
1459 1394 1562 1424 nescio
1578 1395 1652 1433 qm's

315 1438 409 1479 apud
430 1437 656 1470 Schradertmz
683 1437 846 1475 ferientia,
872 1436 946 1467 Keil
969 1436 1140 1473 terrentia,
1162 1435 1273 1476 Unger
1295 1438 1508 1476 temerantia,
1536 1436 1649 1468 stadt-

317 1482 454 1513 mueller
467 1481 647 1520 uibrantia,
665 1480 749 1511 Ellis
765 1480 990 1510 intereuntia:
1016 1480 1047 1510 h.
1059 1490 1090 1510 n.
1105 1484 1209 1511 cert0.
1227 1490 1257 1510 n.
1274 1479 1548 1519 Tirynthia,nisu
1562 1480 1650 1511 Gan-

315 1524 524 1563 zenmueller,
549 1528 725 1564 tamquam
745 1524 857 1554 Amor
871 1528 952 1555 certo
977 1523 1054 1553 nisu
1079 1526 1106 1553 et
1126 1522 1278 1553 Herculis
1301 1528 1404 1554 certas
1422 1525 1562 1564 sagittas
1578 1525 1651 1555 imi-

316 1573 404 1600 tante
420 1569 568 1608 Scyllam
581 1567 769 1608 perculerit:
804 1568 871 1598 heu
891 1577 923 1598 n.
942 1567 1076 1606 teritur,
1095 1577 1126 1597 n.
1146 1571 1287 1606 corytus
1304 1568 1338 1597 in
1353 1578 1415 1598 usu
1434 1572 1486 1598 est
1503 1578 1560 1608 ego
1572 1567 1651 1599 olim

314 1613 494 1643 American
507 1611 660 1651 Journal
674 1610 895 1651 ofPln'lology
910 1610 1005 1641 VIII.
1015 1615 1049 1651 p.
1066 1620 1082 1649 7
1188 1611 1248 1640 162
1268 1610 1299 1641 in
1312 1615 1431 1642 tenera
1448 1611 1544 1642 codex
1562 1611 1656 1642 Laeti

317 1657 410 1698 (Vat.
430 1660 529 1696 ‘3255‘¹¹
549 1667 555 1685 ε
581 1656 711 1685 interea
726 1655 799 1685 AR
867 1654 984 1685 defixit
1001 1654 1156 1684 acumina
1171 1653 1331 1684 Heinsius
1466 1657 1525 1695 165
1549 1655 1650 1694 gelidi

315 1701 484 1740 sydonum
502 1699 596 1730 AR:
626 1698 748 1737 gelidis
772 1698 926 1728 Edonum
951 1697 1168 1728 Constantius
1189 1697 1356 1728 Fanensis
1383 1697 1597 1738 Hecatostyos
1627 1709 1649 1730 c.

315 1745 354 1774 81
387 1745 502 1783 (1508)
639 1742 708 1772 oris
743 1741 854 1772 Const.
889 1741 1072 1772 Fanensis:
1112 1741 1262 1771 honores
1293 1741 1405 1772 ARU
1430 1752 1468 1772 ex
1495 1742 1586 1773 horis
1615 1747 1652 1772 ut

316 1787 448 1817 m'delur
472 1790 662 1826 corruptum
818 1785 879 1815 168
903 1784 1050 1825 storace]
1074 1784 1154 1824 ‘lege
1169 1789 1304 1822 styrace
1318 1783 1326 1797 '
1343 1784 1481 1815 Loenst's
1496 1785 1591 1818 VIII.
1611 1788 1653 1816 26

315 1831 443 1869 ideTaJe
460 1830 530 1860 AR
674 1829 846 1868 flagrantis
863 1828 895 1858 A
1017 1828 1106 1867 picta
1123 1827 1248 1858 ARU:
1273 1829 1380 1859 tincta
1397 1828 1570 1867 Schrader,
1593 1829 1648 1860 Fr.

315 1873 429 1904 Jacobs
534 1875 594 1914 169
618 1873 754 1904 coccina
784 1872 954 1903 Baehrens
971 1883 977 1902 τ
1017 1872 1152 1910 cognita
1177 1871 1286 1901 ARU
1348 1872 1509 1911 Sicyonia
1539 1872 1651 1904 Const.

317 1918 480 1948 Fanensis
508 1917 584 1948 Hec.
617 1917 660 1947 80
677 1928 683 1946 :
728 1915 776 1946 sic
809 1916 921 1946 omnia
958 1915 1068 1945 ARU
1218 1925 1334 1946 seruas
1366 1915 1400 1945 R
1591 1926 1652 1956 170

315 1962 443 1992 retines
460 1960 493 1990 R
611 1960 746 1990 baccata
763 1959 795 1988 A
816 1970 822 1989 :
846 1959 1008 1989 bacchata
1025 1959 1058 1988 R
1202 1968 1258 1997 171
1286 1959 1388 1990 multo
1405 1959 1439 1990 R
1592 1970 1652 1999 172

316 2005 447 2044 perdita
464 2008 615 2034 corrector
628 2002 924 2033 Helmstadtiensis
940 2006 969 2032 et
983 2003 1027 2032 sic
1043 2013 1082 2032 ex
1096 2002 1174 2033 coni.
1194 2001 1332 2032 Dousae
1346 2003 1454 2042 patris
1471 2003 1527 2034 uir
1540 2002 1654 2034 doctus

317 2048 502 2079 Obseruatl.
522 2047 564 2077 ΙΙ.
585 2057 650 2086 319
668 2047 783 2086 (1732)
800 2057 807 2076 :
831 2046 963 2085 prodita
980 2045 1087 2075 ARU
1175 2055 1234 2084 173
1259 2050 1368 2076 turres
1384 2046 1496 2077 ARU
1592 2056 1650 2086 175

316 2091 399 2122 caeli
426 2090 516 2121 RU:
556 2091 619 2121 celi
647 2090 680 2119 A
851 2099 1000 2120 amorem
1031 2089 1158 2119 ARU:
1192 2090 1355 2119 honorem
1391 2089 1510 2130 Unger,
1550 2094 1587 2120 ut
1615 2091 1652 2121 de
1706 2095 1730 2132 '⁴

315 2134 414 2165 stellis
431 2134 597 2173 dili-eriles.
615 2135 688 2164 218.
739 2134 807 2164 Pro
826 2133 908 2163 caeli
926 2133 1123 2163 coniecerunt
1138 2143 1251 2163 secum
1272 2133 1326 2162 uir
1339 2132 1450 2163 doctus
1469 2133 1650 2165 Obseruatt.

317 2178 359 2210 11.
390 2188 464 2217 319,
492 2178 572 2209 tecti
597 2177 720 2217 Hcyue,
748 2176 842 2207 Celei
868 2176 1055 2216 Hertzbetg,
1082 2175 1120 2206 de
1143 2176 1261 2216 templo
1285 2175 1406 2207 Cereris
1438 2177 1652 2217 interpretans

316 2222 409 2261 quod
423 2222 470 2252 ad
482 2221 617 2260 Kerara,
639 2222 672 2252 in
695 2221 834 2260 confinio
851 2220 986 2258 Atticae,
1009 2220 1120 2251 Celeus
1143 2223 1355 2261 exstruxerat,
1375 2230 1419 2250 ex
1437 2220 1534 2251 aulae
1552 2220 1652 2252 celsis

317 2265 448 2306 Haupt,
468 2265 522 2295 uel
542 2266 589 2295 sic
608 2265 683 2302 Leo,
701 2264 783 2295 caeli
803 2273 828 2295 s.
847 2264 880 2294 in
898 2264 1013 2294 orbem
1032 2263 1169 2294 Ribbeck
