1820 2802
876 164 1251 203 CATALEP'roN
1282 162 1563 215 (PRIAPEA)

233 288 399 325 quercus
427 275 536 315 arida
563 274 706 314 rustica
734 274 964 316 †formitata
992 274 1131 323 securi,

233 342 392 388 nutrior,
424 340 546 391 magis
575 347 617 380 ut
647 340 769 390 magis
799 339 847 379 sit
875 341 991 380 beata
1020 338 1243 391 quotannis.

233 405 348 444 huius
377 419 469 444 nam
498 405 651 445 domini
680 407 816 444 colunt
846 418 909 445 me
937 407 1138 456 deumque
1167 406 1337 443 salutant
1540 420 1558 451 5

231 470 413 522 pauperis
442 471 570 521 tuguri
598 478 707 521 pater
735 471 917 521 filiusque
945 472 1190 518 adulescens,

231 537 328 575 alter
354 535 513 576 assidua
540 538 675 576 colens
704 535 906 587 diligentia
935 542 977 574 ut
1006 537 1162 583 herbae,

231 614 368 652 aspera
396 609 438 640 ut
463 602 584 641 rubus
613 615 636 640 a
664 614 754 640 meo
783 600 831 640 sit
860 608 1011 640 remota
1039 601 1195 647 sacello,

230 667 326 705 alter
354 679 475 717 parua
504 679 623 705 manu
652 667 780 705 ferens
808 679 963 716 semper
991 679 1155 704 munera
1183 666 1296 715 larga.

230 729 371 770 florido
401 730 496 769 mihi
523 730 683 781 ponitur
710 730 815 781 picta
844 743 935 769 uere
964 731 1119 777 corolla,
1523 743 1562 765 10

231 794 409 846 primitus
439 802 573 834 tenera
601 795 731 834 uirens
761 795 869 846 spica
898 794 1027 834 mollis
1055 794 1182 841 arista,

231 861 358 899 luteae
388 860 516 900 uiolae
545 860 641 899 mihi
670 862 922 911 lacteumque
950 873 1134 911 papauer,

231 926 500 976 pallentesque
529 925 756 965 cucurbitae
784 933 823 964 et
852 938 973 964 suaue
1002 924 1148 964 olentia
1178 925 1290 971 mala,

230 1003 308 1029 uua
336 990 547 1041 pampinea
574 991 719 1029 rubens
748 991 915 1030 educata
943 991 1017 1029 sub
1045 990 1195 1029 umbra.

230 1054 419 1105 sanguine
448 1056 551 1094 hanc
579 1055 697 1094 etiam
728 1055 950 1094 mihi—sed
979 1054 1320 1094 tacebitis—aram
1524 1069 1560 1100 15

231 1119 415 1158 barbatus
444 1119 530 1158 linit
559 1119 730 1159 hirculus
759 1120 1020 1171 cornipesque
1050 1121 1210 1171 capella.

231 1198 302 1235 pro
330 1184 417 1235 quis
447 1184 581 1224 omnia
609 1184 827 1224 honoribus
855 1186 958 1227 †hoc
988 1198 1149 1224 necesse
1178 1184 1322 1235 Priapo
1355 1190 1414 1222 est

272 1297 292 1326 3
317 1288 486 1319 formitata
501 1287 543 1327 B,
563 1288 600 1327 cs:
620 1287 778 1319 Placidus
796 1287 915 1326 δίας-5.,
930 1293 963 1328 p.
983 1298 1035 1327 45.
1053 1289 1073 1318 8
1088 1288 1237 1319 formitat
1257 1286 1446 1318 formitibus
1463 1296 1561 1317 exas-

230 1332 335 1364 sulat:
368 1332 541 1363 sormicata
563 1331 609 1370 M,
638 1331 728 1372 quod
748 1335 884 1362 tuentur
900 1331 949 1362 W.
972 1331 1118 1372 Wagner
1137 1335 1166 1362 et
1186 1330 1385 1362 Sabbadim':
1419 1330 1562 1361 formata

230 1374 316 1405 Aru
335 1387 341 1406 :
365 1376 541 1406 formidata
552 1374 637 1407 Med.
656 1385 664 1405 ε
687 1375 838 1406 somitata
849 1374 896 1406 Is.
917 1375 1000 1406 Voss
1016 1385 1024 1406 ε
1047 1375 1213 1406 fornicata
1229 1384 1285 1414 ego
1301 1374 1389 1413 olim⁷
1408 1373 1509 1413 quasi
1529 1374 1562 1404 in

219 1418 385 1458 fornicem
401 1421 559 1450 excauata
582 1422 620 1449 ut
633 1417 799 1458 Priapum
815 1419 906 1449 intus
931 1419 1081 1459 reciperet,
1101 1418 1139 1458 cf.
1161 1417 1319 1449 ‘Siluane
1343 1427 1439 1448 sacra
1463 1417 1561 1447 semi-

230 1462 323 1492 cluse
340 1462 472 1493 fraxino
485 1461 493 1474 '
508 1461 615 1493 Anth.
631 1461 705 1493 Lat.
723 1462 788 1492 602
804 1461 920 1501 Meyer,
942 1472 982 1501 19
997 1461 1119 1493 Buech.
1250 1472 1269 1500 4
1293 1461 1425 1492 nutrior
1439 1458 1536 1491 BMu
1553 1471 1560 1491 :

230 1505 355 1536 nutriui
378 1505 457 1536 Ar:
492 1505 638 1536 nutritur
660 1504 771 1536 Med:
807 1506 919 1536 nutrio
947 1504 1050 1536 Voss:
1085 1514 1175 1536 nunc
1203 1509 1281 1535 tuor
1310 1503 1481 1544 Scaliger:
1520 1514 1561 1534 en

229 1553 306 1579 tuor
342 1548 479 1580 Ribbeck
646 1548 753 1587 magis
792 1552 825 1579 et
864 1548 970 1588 magis
1013 1548 1117 1589 (mgis
1156 1547 1197 1578 M
1203 1548 1216 1588 )
1262 1553 1298 1578 ut
1349 1546 1439 1578 codd.
1481 1545 1564 1577 Post

228 1590 411 1622 secundum
435 1591 542 1631 magis
577 1592 610 1622 in
638 1591 672 1622 B
698 1601 793 1622 erasa
820 1591 952 1622 uidetur
979 1602 1020 1623 s:
1052 1592 1160 1631 magis
1184 1597 1220 1622 ut
1243 1591 1349 1630 magis
1377 1591 1419 1621 sit
1446 1590 1565 1630 scripsi

229 1643 248 1673 5
273 1645 326 1665 me
350 1635 517 1674 deumque
540 1634 620 1666 Ald.
642 1644 745 1674 1517:
770 1635 983 1675 mediumque
1000 1635 1090 1666 codd.
1246 1636 1267 1665 6
1290 1634 1492 1665 adulescens
1508 1632 1560 1664 B:

228 1688 295 1709 om.
312 1677 354 1708 M
362 1678 396 1708 A
402 1678 544 1709 ruMed.
705 1688 722 1717 7
748 1679 916 1709 assiduam
939 1678 981 1708 M
1067 1689 1192 1710 cauens
1216 1677 1390 1708 Lucianus
1404 1676 1561 1708 Mueller:

218 1721 300 1761 sort.
327 1721 495 1752 assiduam
519 1721 636 1752 colens
653 1721 846 1760 diligenter,
865 1722 901 1760 cf.
921 1722 1035 1754 Moret.
1052 1723 1095 1752 26
1226 1723 1246 1752 8
1269 1731 1392 1760 aspera
1407 1724 1443 1750 ut
1460 1720 1562 1751 rubus

228 1775 247 1794 a
263 1764 440 1804 Baehrens,
459 1765 496 1805 cf.
513 1764 615 1795 Neue·
623 1764 792 1805 Wagener,
811 1765 843 1794 F
841 1765 1034 1796 ormenlehr.
1052 1765 1079 1796 I.
1102 1775 1186 1804 933:
1219 1775 1321 1804 asper
1337 1768 1393 1794 aut
1418 1763 1521 1795 rubus
1543 1774 1562 1794 a

228 1807 284 1838 B:
307 1818 428 1848 aspera
456 1808 602 1839 drubusa
617 1808 680 1839 M:
714 1818 835 1848 aspera
860 1808 1000 1838 dumosa
1022 1808 1172 1839 ArMed.
1191 1820 1197 1838 :
1231 1817 1332 1846 asper
1355 1817 1393 1838 ac
1419 1806 1523 1838 rubus
1542 1817 1562 1837 a

228 1850 338 1882 Ribb}
355 1863 361 1882 ε
387 1856 422 1882 ut
438 1851 564 1883 herbae
585 1861 686 1890 asper
705 1856 762 1882 aut
784 1851 887 1882 rubus
909 1862 928 1881 a
944 1851 1056 1882 Rz‘hb.2
1145 1852 1189 1883 sit
1204 1850 1300 1882 EM:
1324 1851 1390 1882 sint
1405 1848 1558 1881 ArMed.

228 1905 249 1933 9
272 1904 374 1925 manu
389 1894 421 1925 Β
437 1906 443 1926 :
467 1905 532 1926 om.
550 1894 655 1925 MAr
666 1905 687 1925 u
699 1894 785 1926 Med.
875 1905 978 1934 saepe
994 1894 1160 1926 Schrader
1245 1895 1321 1934 laga
1337 1894 1370 1925 Β
1521 1904 1561 1924 10

229 1938 347 1969 florida
362 1937 394 1968 Β
493 1938 587 1978 ponit
602 1938 708 1969 MAr
718 1937 803 1969 Med.
896 1938 1006 1978 pictas
1028 1949 1059 1969 u.
1085 1937 1231 1969 corollas
1253 1937 1339 1969 Med.
1521 1947 1556 1968 11

228 1981 383 2021 primitiis
398 1986 431 2012 et
449 1992 470 2012 u
486 1993 493 2012 :
517 1981 653 2021 primitu
670 1985 704 2012 et
720 1980 873 2012 Muretus
994 1991 1032 2012 12
1058 1982 1180 2013 Luttee
1197 1982 1229 2011 Β
1243 1993 1249 2011 :
1274 1982 1369 2013 lucea
1386 1979 1429 2011 M
1514 1981 1560 2011 la-

228 2029 382 2055 cteumue
397 2025 455 2055 Ar
587 2035 624 2064 13
649 2025 818 2064 pallentes
846 2027 927 2065 (om.
952 2026 1032 2065 que)
1062 2026 1133 2056 Ar:
1161 2025 1382 2065 palantesque
1398 2023 1563 2056 Heinsius

228 2067 309 2098 Post
334 2078 373 2107 14
400 2068 534 2099 hiberna
562 2079 703 2099 munera
728 2068 818 2099 desse
842 2072 1010 2109 putarunt
1033 2068 1202 2100 Baehrens
1229 2072 1259 2099 et
1280 2069 1376 2099 Riese
1522 2078 1560 2107 15

227 2112 388 2150 sanguine
401 2112 488 2142 hanc
500 2111 652 2142 Muretus
665 2122 672 2142 ε
696 2112 882 2150 sanguinea
895 2111 982 2143 codd.
998 2124 1006 2143 ε
1030 2113 1196 2152 sanguine
1208 2112 1292 2143 haec
1311 2111 1393 2142 Voss
1438 2111 1556 2152 etiarn]

228 2159 262 2185 et
286 2154 319 2185 Β
334 2166 341 2185 :
373 2165 465 2186 arma
491 2155 579 2186 codd.
606 2154 697 2195 quod
721 2155 872 2186 retinebat
907 2155 1001 2186 Vbss:
1033 2165 1125 2186 aram
1152 2155 1304 2186 Muretus
1439 2156 1478 2185 16
1501 2154 1559 2185 lini

229 2198 370 2229 circulus
387 2199 551 2240 (hirculus
566 2199 633 2238 Ar)
652 2198 759 2228 MAr
850 2198 1104 2239 cornislpesque
1128 2198 1169 2238 B,
1198 2203 1236 2228 ut
1260 2198 1344 2228 milti
1365 2198 1459 2229 uisus
1481 2209 1560 2228 sum

229 2241 326 2281 legere
428 2242 557 2282 capella
573 2241 618 2272 B:
646 2241 775 2281 capelle
791 2242 917 2272 MAru
928 2241 1012 2273 Med.
1115 2251 1151 2281 17
1177 2241 1305 2282 omnia]
1325 2241 1483 2272 omnibus
1499 2241 1559 2272 M:

228 2289 342 2315 mutua
358 2285 546 2316 Baehrens:
569 2295 710 2316 munera
731 2285 824 2316 Riese
848 2285 978 2325 (munia
999 2284 1250 2325 Maehly)‚fort.
1267 2295 1378 2316 annua
1495 2285 1559 2315 hoc

228 2327 340 2359 codd:
368 2329 415 2359 sic
442 2329 481 2360 L.
508 2328 668 2359 Mueller:
695 2339 784 2359 nunc
804 2329 995 2359 Buecheler:
1030 2329 1105 2359 huic
1140 2329 1194 2359 uel
1217 2333 1266 2360 tot
1293 2328 1454 2360 Ribbeck:
1472 2328 1557 2367 fort.

229 2381 307 2402 mox
402 2372 522 2412 Priapo
541 2376 592 2403 est
608 2373 641 2403 Β
659 2383 665 2403 ;
689 2372 804 2412 priape
821 2371 901 2412 (om.
920 2372 987 2413 est)
1007 2372 1046 2402 M
1060 2372 1115 2402 Ar
1129 2383 1151 2403 u
1168 2371 1254 2404 Med.
