1820 2802
1326 143 1509 181 CVLEX

185 251 284 289 iacta
315 263 404 288 meo
433 257 621 299 quaerent
651 249 727 287 iam
759 262 842 287 sera
872 249 1073 287 uolumine
1103 250 1259 295 famam,

186 327 265 353 non
298 315 583 364 Hellespontus
612 313 782 363 pedibus
812 314 987 363 pulsatus
1017 326 1220 363 equorum,

186 378 350 418 Graecia
379 392 470 417 cum
501 378 630 416 timuit
660 377 854 417 uenientis
884 378 1060 428 undique
1091 380 1239 424 Persas,

185 443 318 483 mollia
346 444 416 482 sed
446 442 554 481 tenui
583 443 789 482 decurrere
818 442 991 481 carmina
1020 455 1135 481 uersu
1470 459 1510 490 35

183 508 331 546 uiribus
359 515 446 546 acta
475 507 554 546 suis
584 507 749 546 Phoebo
778 508 881 546 duce
910 508 1044 546 ludere
1072 507 1257 557 gaudent.

184 574 281 611 haec
311 572 393 619 tibi,
425 579 559 611 sancte
588 585 694 622 puer,
727 572 1046 618 memorabimus,
1079 573 1177 610 haec
1207 571 1278 610 tibi
1307 578 1424 610 restet

183 637 303 688 gloria
332 644 566 687 perpetuum
596 638 731 675 lucens
762 649 945 674 mansura
974 650 1042 686 per
1069 650 1224 675 aeuum.

184 709 222 741 et
252 701 323 740 tibi
353 703 446 741 sede
474 701 539 752 pia
569 709 725 740 maneat
755 703 878 749 locus,
908 709 946 740 et
975 700 1046 740 tibi
1077 714 1211 752 sospes

185 767 319 806 debita
347 767 469 806 felicis
501 775 739 806 memoretur
768 767 848 805 uita
878 780 946 817 per
974 780 1110 814 annos,
1468 782 1512 813 40

183 839 301 883 grata,
333 831 448 870 bonis
478 834 624 870 lucens.
685 833 755 871 sed
784 845 856 870 nos
885 833 937 870 ad
966 839 1107 881 coepta
1136 833 1314 870 feramur.

238 899 388 951 Igneus,
412 897 604 936 aetherias
634 897 712 936 iam
743 899 809 936 Sol
839 904 1061 947 penetrarat
1090 897 1130 934 in
1160 896 1268 935 arces

145 968 148 970 “
183 952 433 1012 caiididaqu'e
462 970 599 1001 aurato
627 959 830 1012 quatiebat
859 961 1009 999 lumina
1038 975 1166 1009 curru,

171 1021 356 1066 <crinibus
386 1034 424 1066 et
453 1026 577 1066 roseis*
603 1027 784 1083 tenebras
814 1029 967 1080 Aurora
996 1016 1169 1076 fugarat:

182 1092 354 1143 propulit
383 1105 404 1130 e
434 1092 596 1131 stabulis
625 1093 676 1130 ad
697 1086 850 1143 ‘pabula
878 1092 980 1130 laeta
1010 1093 1178 1141 capellas
1465 1106 1506 1138 45

167 1164 323 1207 pastor,
355 1164 394 1195 et
422 1156 564 1196 excelsi
583 1143 739 1195 'montis
770 1157 859 1206 iuga
879 1170 1043 1212 *summa
1072 1156 1221 1206 petiuit,

182 1221 320 1260 florida
349 1235 427 1273 qua
454 1223 609 1272 patulos
639 1222 824 1260 uelabant
853 1213 1029 1272 gramina
1058 1215 1179 1260 collis.

183 1284 261 1327 iam
290 1286 398 1325 siluis
427 1287 637 1337 dumisque
666 1300 800 1337 uagae,
832 1286 909 1333 iam
940 1286 1107 1324 uallibus
1137 1286 1290 1325 abdunt

183 1364 357 1401 corpora,
390 1351 547 1403 iamque
577 1351 684 1390 omni
715 1353 860 1390 celeres
890 1348 1049 1400 e‘'parte
1079 1358 1266 1401 uagantes

226 1453 268 1482 32
291 1443 376 1474 iacta
392 1442 522 1475 Mediol.
539 1455 546 1475 z
570 1443 657 1475 lecta
671 1443 723 1474 GP
740 1455 746 1475 :
773 1444 860 1475 laeta
873 1442 978 1474 ΒΜΠ
991 1442 1085 1475 Cant.
1104 1455 1111 1474 :
1135 1443 1202 1474 leta
1220 1442 1250 1472 V
1260 1442 1350 1474 cors.
1444 1443 1507 1475 iam

182 1497 258 1518 sera
281 1486 371 1519 codd.
395 1491 521 1526 praeter
550 1486 599 1517 G:
633 1497 694 1527 per
718 1492 813 1518 tanta
840 1486 878 1524 G,
894 1491 977 1526 sort.
1000 1487 1088 1518 lecta
1117 1497 1160 1518 m.
1179 1497 1210 1526 q.
1237 1487 1404 1526 portanda
1432 1497 1463 1518 u.
1489 1487 1512 1518 s.

183 1529 351 1561 uolumina
384 1533 410 1560 Ω
640 1541 681 1570 34
706 1530 880 1561 contenuit
909 1530 958 1560 G:
993 1531 1116 1570 9tinuit
1149 1531 1328 1570 (suprascr.
1360 1530 1450 1571 cum)
1486 1533 1508 1560 Γ

182 1573 352 1605 uenientis
367 1572 533 1604 BTCors.
549 1585 556 1605 ι
581 1575 759 1605 uenientes
770 1573 882 1604 MGr:
913 1574 1126 1604 uehementis
1139 1573 1235 1604 Cant.
1325 1583 1367 1613 35
1391 1574 1509 1604 decur-

182 1627 257 1648 rere
273 1616 456 1648 Heinsius:
480 1618 567 1656 pede
593 1627 729 1648 currere
758 1619 870 1658 (curre
886 1616 937 1657 M)
964 1616 1109 1648 carmina
1126 1616 1364 1647 BMPTCors.
1386 1617 1482 1648 Cant.
1502 1629 1509 1648 ε

183 1661 271 1700 pede
302 1660 452 1691 carmina
480 1670 614 1691 currere
646 1660 728 1691 VGr
840 1670 977 1691 uersum
1014 1660 1044 1691 T
1071 1660 1161 1700 quod
1182 1660 1359 1700 genetiuus
1383 1664 1511 1701 poterat

182 1714 247 1735 esse
348 1703 438 1734 molli
463 1704 524 1735 sed
552 1703 662 1735 tenuis
687 1704 871 1734 decurrens
899 1704 1048 1734 carmine
1073 1713 1194 1734 uersus
1217 1703 1338 1743 Haupt
1466 1704 1509 1742 36

182 1752 254 1779 acta
272 1746 321 1777 G:
345 1751 422 1786 apta
439 1750 504 1778 cett.
687 1747 836 1786 gaudent
863 1747 913 1778 G:
937 1747 1061 1786 gaudet
1086 1750 1150 1778 cett.
1178 1757 1253 1777 cum
1278 1750 1301 1777 Γ
1468 1756 1508 1786 37

183 1791 246 1822 hec
266 1790 318 1821 Gr
334 1802 341 1821 :
364 1791 428 1821 hoc
443 1789 685 1823 BMPTCant.
810 1790 1036 1821 memorabilis
1052 1789 1295 1821 BMPTCant.
1313 1801 1320 1821 ε
1346 1799 1508 1820 memora-

181 1834 240 1865 bili
259 1834 346 1865 Cors.
366 1845 373 1864 τ
397 1834 637 1865 memorabitur
655 1834 708 1865 GP
724 1833 890 1874 Scalzgrer:
915 1833 1174 1864 memorabimus
1190 1834 1304 1873 scripsi
1426 1834 1508 1864 haec

181 1877 312 1918 scripsi:
334 1882 367 1908 et
378 1880 404 1907 Ω
460 1882 565 1908 restet
580 1877 714 1917 scripsi:
738 1881 843 1907 certet
856 1876 943 1908 codd.
958 1878 1024 1907 nisi
1036 1877 1126 1917 qnod
1135 1875 1174 1906 M
1186 1877 1280 1907 habet
1290 1876 1399 1916 certit‚
1413 1875 1505 1909 Cant.

182 1925 319 1952 cernet:
355 1925 446 1952 certa
471 1925 523 1952 est
553 1920 675 1952 Bothe:
708 1924 839 1951 crescet
863 1920 965 1960 Sillig
1076 1921 1139 1951 hoc
1170 1919 1240 1959 tibi,
1269 1924 1385 1950 sancte
1412 1930 1506 1959 puer,

183 1964 398 1995 memorabile
418 1964 476 2001 lsic
489 1964 586 1995 etiam
604 1964 763 2005 Foerster)
780 1975 787 2003 ;
813 1965 856 1995 sit
872 1963 931 1994 tibi
944 1968 1038 1995 certe
1055 1964 1158 2002 gloria
1178 1962 1351 1994 Buecheler
1466 1973 1508 2001 40

182 2007 288 2039 felicis
300 2006 439 2038 BFMT
447 2007 540 2039 Cant.
555 2018 561 2039 :
588 2007 702 2038 felices
720 2011 742 2038 Γ
831 2013 1020 2038 remoretur
1035 2006 1202 2038 Baehrens
1315 2016 1356 2045 42
1373 2006 1506 2055 ignibus

184 2051 237 2082 GP
335 2052 478 2082 ethneas
497 2050 545 2081 G:
577 2056 692 2082 oeteas
709 2050 857 2090 Scaliger
964 2055 1119 2090 penetrat
1135 2049 1187 2090 3¹,
1213 2060 1248 2080 ra
1268 2060 1391 2081 manus
1408 2059 1506 2080 recen-

183 2095 247 2125 tior
259 2095 507 2135 suprascripsit:
531 2094 729 2134 penetrabat
746 2094 811 2124 Leo
899 2104 939 2132 44
964 2094 1103 2133 fugabat
1122 2093 1208 2125 Cors.
1300 2102 1341 2131 45
1366 2093 1507 2132 protulit

184 2136 269 2168 GM1
351 2137 473 2178 pabula
489 2148 528 2168 ex
542 2137 656 2177 patula
673 2138 714 2168 M
798 2136 903 2178 laeta]
922 2142 1003 2168 nota
1022 2136 1117 2168 Cant.
1250 2146 1290 2175 47
1317 2136 1432 2166 florida
1449 2135 1507 2167 Fr.

182 2180 315 2213 Jacobs:
341 2181 449 2212 lurida
472 2184 498 2210 Ω
522 2180 613 2221 quod
631 2181 783 2212 retinebat
805 2180 914 2212 Naeke
935 2180 1009 2211 Dir.
1022 2186 1057 2221 p.
1071 2190 1112 2219 43
1137 2184 1314 2219 tamquam
1338 2180 1373 2210 in
1399 2183 1509 2210 monte

181 2224 298 2256 excelso
313 2229 342 2255 et
357 2224 391 2255 in
407 2225 553 2255 summis
568 2224 655 2264 iugis
671 2234 736 2254 non
752 2223 877 2254 soleant
885 2223 1071 2254 admodum
1083 2223 1161 2254 laete
1173 2224 1319 2254 m'resccre
1330 2223 1504 2263 gramina,

180 2272 210 2299 et
231 2268 276 2299 sic
298 2267 490 2299 Buecheler:
524 2268 659 2298 humida
685 2268 757 2299 Gr:
783 2267 907 2298 lubrica
932 2267 1107 2298 adnotator
1132 2266 1278 2298 Aldinae
1305 2275 1386 2305 1517
1413 2264 1505 2307 (Vat.

882 2318 899 2335 0

184 2344 288 2376 Ottob.
301 2345 426 2386 2894):
450 2345 562 2376 rorida
577 2345 700 2384 Haupt
786 2343 918 2384 patulas
938 2343 1027 2375 Cors.
1163 2354 1205 2383 49
1229 2343 1339 2374 celera
1353 2352 1390 2374 se
1414 2352 1445 2382 p.
1467 2341 1508 2372 M

183 2388 362 2429 uagantes]
381 2399 464 2419 num
483 2389 657 2421 meantes?
1381 2428 1418 2462 l*
