1820 2802
332 151 482 189 CIRIS

330 256 509 304 gaudeat,
542 263 579 294 et
610 254 729 294 cineri
760 256 883 306 patria
913 263 969 294 est
1001 256 1174 294 iucunda
1204 258 1369 306 sepulto.
1597 265 1660 304 385

388 322 491 370 Ergo
521 324 653 360 †metu
684 320 801 370 capiti
833 322 961 370 Scylla
991 328 1049 359 est
1078 316 1238 360 inimica
1267 328 1455 372 paterno:

330 392 414 423 tum
445 398 559 424 coma
590 385 754 424 Sidonio
784 386 927 424 florens
956 384 1152 424 deciditur
1181 394 1299 433 ostro,

329 456 413 488 tum
444 449 596 499 capitur
627 452 789 500 Megara
817 457 856 488 et
885 449 1023 489 diuum
1054 464 1242 501 responsa
1271 451 1498 502 probantur,

330 522 414 553 tum
445 528 635 565 suspensa
664 528 771 553 nouo
801 514 875 553 ritu
905 516 955 553 de
985 515 1154 554 nauibus
1183 515 1271 554 altis

328 593 396 630 per
426 593 532 618 mare
562 581 785 618 caeruleum
815 579 979 618 trahitur
1009 580 1144 619 Niseia
1173 581 1293 631 uirgo.
1603 597 1664 629 390

329 646 551 695 complures
581 644 687 683 illam
718 646 916 695 nymphae
946 644 1135 684 mirantur
1164 645 1204 683 in
1234 645 1363 692 undis,

329 709 490 747 miratur
520 716 629 759 pater
659 710 844 748 Oceanus
875 716 913 748 et
943 709 1114 748 candida
1143 711 1294 760 Tethys

328 781 366 812 et
396 773 561 824 cupidas
591 787 724 812 secum
756 773 912 824 rapiens
943 775 1108 812 Galatea
1137 787 1299 813 sororeS.

328 838 393 877 illa
423 838 541 877 etiam
572 837 714 877 iunctis
745 852 931 889 magnum
963 852 1064 889 quae
1094 838 1269 889 piscibus
1298 845 1447 890 aequor

327 911 365 942 et
394 905 535 955 glauco
565 904 756 954 bipedum
787 918 901 942 curru
931 904 1089 943 metitur
1119 918 1322 955 equorum,
1600 922 1662 956 395

328 970 570 1017 Leucothea,
600 982 825 1019 paruusque
855 969 930 1007 dea
960 982 1051 1007 cum
1084 976 1206 1008 matre
1236 970 1462 1017 Palaemon,

327 1033 381 1072 illi
411 1034 530 1073 etiam
560 1035 728 1073 alternas
759 1033 883 1073 sortiti
913 1033 1047 1073 uiuere
1077 1036 1196 1082 luces,
1310 1030 1325 1074 ἱ

326 1112 414 1137 cara
446 1098 554 1137 Iouis
585 1099 754 1146 suboles,
788 1112 975 1149 magnum
1006 1099 1114 1137 Iouis
1145 1099 1444 1147 incrementum,
1479 1105 1482 1148 ζ

326 1163 580 1213 Tyndaridae
609 1163 748 1202 niueos
780 1163 968 1202 mirantur
997 1163 1157 1213 uirginis
1187 1170 1303 1202 artus.

327 1230 397 1266 has
426 1230 528 1268 adeo
559 1241 678 1268 uoces
708 1236 827 1279 atque
857 1230 956 1267 haec
985 1230 1158 1267 lamenta
1187 1242 1256 1279 per
1285 1242 1396 1268 auras
1597 1246 1666 1278 400

326 1294 511 1333 fluctibus
541 1294 581 1332 in
610 1293 751 1333 mediis
782 1302 923 1344 questu
954 1294 1142 1333 uoluebat
1172 1294 1289 1341 inani,

325 1359 375 1397 ad
406 1359 559 1398 caelum
590 1358 723 1397 infelix
752 1358 930 1397 ardentia
959 1358 1109 1397 lumina
1138 1360 1317 1406 tendens,

326 1423 488 1470 lumina,
518 1436 610 1462 nam
641 1431 794 1462 teneras
823 1424 1011 1462 arcebant
1041 1423 1200 1462 uincula
1229 1425 1407 1474 plantas:

328 1488 582 1538 ‘supprimite
612 1502 636 1527 o
665 1490 827 1539 paulum
859 1488 1003 1526 turbati
1033 1487 1194 1526 flamina
1224 1488 1344 1536 uenti,
1592 1539 1595 1546 ι

326 1555 422 1593 dum
453 1567 595 1604 queror
625 1561 662 1592 et
692 1553 820 1600 diuos,
853 1566 1095 1603 quamquam
1127 1553 1180 1591 nil
1212 1553 1377 1592 testibus
1409 1554 1481 1592 illis
1500 1564 1516 1583 ’γ
1598 1570 1662 1602 405

325 1618 483 1669 profeci,
516 1626 689 1658 extrema
719 1618 890 1657 moriens
920 1625 1052 1657 tamen
1082 1620 1262 1668 alloquor
1291 1620 1396 1658 hora.

328 1698 399 1723 uos
429 1698 513 1735 ego,
548 1698 618 1723 uos
648 1685 761 1732 adeo,
795 1683 914 1730 uenti,
947 1684 1132 1730 testabor,
1165 1691 1204 1722 et
1232 1697 1360 1731 aurae,

531 1781 606 1812 394,
622 1781 641 1810 5
668 1771 706 1802 G·
726 1782 757 1809 4·
775 1771 849 1809 388,
867 1781 889 1810 9
1066 1771 1131 1810 398
1155 1770 1222 1801 Ecl·
1243 1782 1274 1809 4·
1292 1781 1335 1810 49

531 1826 605 1854 402,
623 1825 643 1854 3
666 1815 751 1845 Aen.
770 1824 799 1846 2.
818 1823 892 1854 405,
912 1815 933 1844 6
1065 1823 1138 1853 405,
1159 1815 1180 1844 6
1202 1813 1269 1845 Ecl.
1291 1816 1321 1845 8.
1345 1824 1395 1854 19,
1415 1824 1458 1845 20

369 1895 431 1933 385
457 1892 625 1932 gaudebat
642 1902 648 1921 :
672 1891 777 1922 cineri
791 1889 894 1921 Bothe
994 1891 1060 1929 386
1084 1894 1175 1921 metu
1191 1890 1317 1921 ARU:
1342 1890 1462 1922 iterum
1479 1890 1662 1923 Heinsms:

315 1938 471 1977 smanu,
484 1936 520 1976 cf.
536 1935 624 1966 Stat.
641 1935 733 1966 leeb.
756 1933 816 1965 111.
833 1935 898 1973 566
966 1934 1086 1973 capitis
1102 1934 1197 1965 AR:
1223 1934 1323 1974 capiti
1344 1934 1377 1964 U
1439 1936 1502 1974 387
1520 1940 1589 1966 tum
1611 1935 1661 1967 U:

324 1979 487 2011 tuncAR
547 1979 676 2010 sidonia
690 1979 865 2018 (suprascr.
882 1977 966 2018 0)Α
1030 1977 1269 2008 decediturR:
1292 1978 1657 2018 deceditur(supmscr

324 2022 590 2064 succiditur)A:
615 2021 846 2052 succiditurU
901 2031 964 2060 392
981 2021 1171 2061 Tethysed.
1188 2031 1292 2060 1507·
1311 2021 1413 2052 thetis
1428 2021 1540 2052 ARU
1595 2032 1660 2062 394

327 2067 385 2099 111a
401 2066 494 2098 AU
527 2065 617 2096 illam
647 2065 680 2096 R
706 2068 780 2095 teste
805 2064 947 2113 Silligio,
977 2063 1140 2095 Heinsms
1257 2075 1342 2104 quae
1363 2064 1415 2095 U:
1438 2075 1572 2104 quoque
1589 2066 1660 2097 AR

325 2119 389 2150 395
411 2113 486 2150 post
506 2109 594 2140 ltunc
615 2119 649 2140 u.
666 2112 850 2148 saquuntnr
866 2109 900 2138 in
923 2108 956 2138 U
973 2109 1058 2146 464-
1039 2117 1121 2146 -531
1145 2107 1327 2147 Cypselide
1347 2132 1353 2139 .
1371 2132 1378 2140 .
1434 2108 1561 2148 suisset,
1589 2109 1660 2140 dein

326 2155 478 2193 396-463
556 2154 621 2193 396
646 2151 839 2183 Leucothea
856 2152 912 2182 R:
940 2151 1351 2192 Leuchothea(sup1ascr.
1373 2152 1431 2191 oe)
1449 2152 1482 2182 A
1598 2162 1659 2192 397

327 2198 375 2228 illi
400 2197 492 2228 AR:
528 2196 575 2227 illi
607 2206 646 2227 ex
674 2196 730 2226 illa
756 2199 794 2226 ut
820 2194 952 2226 uidetur
977 2195 1028 2226 U:
1067 2195 1157 2225 illam
1190 2194 1351 2225 Heinsius
1381 2194 1491 2225 addito
1522 2200 1555 2226 et
1586 2199 1661 2227 ante

328 2241 448 2272 niueos
495 2239 658 2280 alternas]
679 2239 862 2270 Ascensius
885 2238 1015 2270 ‘sortiti
1040 2243 1119 2269 sunt
1143 2238 1333 2269 alternatim
1353 2239 1502 2270 uiuendo
1527 2244 1561 2270 et
1588 2249 1657 2270 rno-

328 2285 494 2315 riendo’:
528 2289 666 2314 eternos
698 2282 753 2313 R:
787 2283 948 2324 ethernos
975 2282 1008 2312 A
1144 2282 1235 2313 lucos
1269 2281 1323 2312 R:
1356 2282 1450 2313 lucos
1475 2283 1655 2323 (suprascr.

327 2328 398 2367 ces)
422 2327 455 2356 A
590 2337 656 2367 399
678 2325 877 2365 Tyndaride
898 2325 948 2356 U:
976 2324 1189 2366 Tyndarides
1217 2325 1310 2365 (Tin-
1327 2325 1378 2363 Α)
1397 2325 1464 2356 RA
1595 2336 1659 2364 402

327 2370 452 2402 tollens
487 2370 520 2400 U
643 2381 707 2409 404
731 2369 852 2401 turbati
884 2369 974 2399 AR:
1007 2369 1140 2399 turbata
1172 2379 1191 2399 0
1223 2369 1273 2399 U:
1314 2369 1482 2400 turbantia
1515 2368 1656 2410 Maehbr,

325 2418 354 2445 e!
374 2415 419 2445 sic
439 2414 621 2444 Ascensius
642 2414 758 2444 ‘ssatus
782 2418 914 2444 uestros
939 2422 1000 2444 nos
1025 2413 1215 2444 turbantes*
1396 2423 1459 2452 405
1483 2422 1608 2452 queros
1625 2413 1658 2444 R
