1820 2802
308 126 612 164 MAECENAS

361 249 480 285 quem
509 249 654 275 nexum
686 236 819 276 medio
849 236 966 275 soluit
995 236 1034 274 in
1064 236 1154 287 igne
1183 239 1330 284 Venus,
1578 253 1639 285 130

306 313 425 350 quem
455 315 562 340 nunc
592 302 632 340 in
663 301 781 340 fuscis
811 301 967 351 placida
996 302 1069 341 sub
1100 310 1217 341 nocte
1247 302 1439 341 nitentem

360 365 587 404 Luciferum
618 374 755 405 contra
785 379 937 404 currere
966 366 1093 404 cernis
1123 366 1245 417 equis.

306 430 369 469 hic
399 430 470 468 tibi
501 430 724 481 Corycium,
757 430 880 470 casias
910 430 973 469 hic
1003 432 1125 470 donat
1155 431 1307 478 olentis,

360 495 423 533 hic
453 510 474 534 e
504 495 715 545 palmiferis
746 497 922 534 balsama
951 495 1070 534 missa
1098 495 1207 546 iugis.

306 573 412 598 nunc
441 559 609 610 pretium
640 560 821 599 candoris
852 561 988 608 habes,
1017 574 1124 599 nunc
1153 560 1329 601 redditus
1359 561 1534 600 umbris:
1577 577 1638 609 135

360 632 397 664 te
428 638 563 663 sumus
594 625 706 663 obliti
737 625 975 664 decubuisse
1005 639 1151 665 senem.

306 696 363 727 ter
393 689 546 738 Pylium
577 691 721 729 fleuere
750 689 820 737 sui,
853 698 910 729 ter
939 692 1108 730 Nestora
1137 704 1291 738 canum,

360 753 627 804 dicebantque
657 761 790 794 tamen
820 768 901 794 non
932 755 1024 795 satis
1055 769 1140 794 esse
1170 769 1316 795 senem.

307 818 485 857 Nestoris
514 819 655 858 annosi
685 819 846 859 uicisses
876 821 1042 868 saecula,
1072 820 1103 859 si
1133 834 1197 859 me

360 883 587 933 dispensata
616 884 688 924 tibi
718 885 887 924 stamina
916 893 1036 924 nente
1066 887 1203 924 forent.
1580 901 1642 933 140

305 962 411 987 nunc
441 961 514 999 ego
544 949 640 999 quid
670 952 864 1000 possum?
907 952 1021 989 tellus
1051 951 1149 989 leuis
1179 964 1268 989 ossa
1297 958 1443 997 teneto,

360 1014 534 1064 pendula
563 1014 704 1054 librato
734 1016 892 1066 pondus
923 1023 962 1054 et
991 1015 1076 1066 ipsa
1105 1023 1229 1054 tuum.

306 1092 461 1130 semper
491 1087 592 1118 serta
622 1079 693 1118 tibi
722 1080 916 1127 dabimus,
950 1080 1020 1119 tibi
1050 1085 1205 1130 semper
1234 1082 1388 1127 odores,

360 1156 440 1183 non
471 1157 662 1194 umquam
693 1144 841 1193 sitiens,
871 1145 1010 1184 florida
1039 1158 1194 1195 semper
1213 1145 1298 1184 eris.

503 1223 521 1243 ss
853 1225 871 1245 >k
1215 1224 1233 1244 *

415 1274 470 1313 sic
500 1281 559 1313 est
589 1275 803 1314 Maecenas
833 1276 914 1314 fato
944 1275 1129 1314 ueniente
1159 1276 1325 1321 locutus,
1582 1291 1641 1324 145

468 1339 630 1390 frigidus
660 1347 698 1378 et
727 1339 885 1378 iamiam
916 1353 1007 1379 cum
1038 1339 1248 1379 moriturus
1279 1347 1370 1379 erat.

415 1405 528 1453 Men,
556 1404 695 1455 inquit,
727 1404 881 1444 iuuenis
911 1404 1113 1456 primaeui,
1146 1404 1333 1456 Iuppiter,
1366 1411 1457 1444 ante

466 1476 673 1520 angustam
706 1469 825 1509 Drusi
854 1483 936 1508 non
965 1470 1156 1510 cecidisse
1186 1471 1319 1509 diem!

353 1582 414 1611 130
436 1582 536 1612 quem
553 1572 600 1603 ed.
619 1573 755 1604 Asc-ens.
780 1582 861 1613 1507
880 1584 887 1604 ε
912 1583 978 1613 que
994 1572 1093 1613 Βυφχ
1218 1582 1343 1604 nexum
1359 1571 1447 1604 codd.
1468 1585 1474 1604 :
1499 1573 1641 1605 necdum

306 1615 471 1657 Scaliger:
496 1617 633 1646 uixdum
651 1616 789 1647 Ribbeck
865 1627 972 1647 uenus
988 1616 1038 1648 B:
1063 1626 1183 1648 nemus
1200 1623 1268 1656 υφχ
1367 1625 1424 1655 131
1443 1616 1476 1647 in
1493 1616 1620 1647 fusciB
1635 1628 1641 1646 ε

307 1660 409 1691 infusi
433 1660 510 1690 Ar:
544 1660 684 1691 infuscis
708 1667 771 1699 υφε
808 1661 841 1690 in
869 1660 971 1690 fuscis
993 1673 1015 1699 χ
1105 1660 1196 1690 Ante
1222 1670 1282 1699 133
1305 1660 1469 1691 nonnulla
1495 1660 1643 1691 excidisse

308 1707 402 1733 ratus
418 1707 464 1734 est
477 1703 714 1743 Burmannus,
733 1705 888 1735 lacunam
906 1704 1021 1734 statui!
1036 1703 1174 1734 Ribbeck
1320 1713 1380 1742 133
1405 1703 1560 1734 coritium
1578 1709 1619 1743 υφ
1634 1714 1641 1733 :

307 1757 374 1778 om.
395 1759 417 1786 χ
533 1747 726 1780 olentisB:
753 1748 887 1778 olentes
903 1759 947 1787 υχ
1053 1757 1114 1786 134
1139 1758 1158 1778 e
1174 1747 1251 1778 ΑΜ.
1274 1757 1356 1786 1517
1375 1759 1382 1778 :
1407 1751 1441 1778 et
1457 1747 1578 1786 Βυφχι
1603 1757 1641 1778 ec

307 1790 444 1821 Ribbeck
612 1801 671 1830 135
696 1801 782 1822 nunc
799 1803 842 1831 υχ
858 1803 864 1822 :
890 1791 977 1821 hunc
994 1789 1071 1831 Βφε
1099 1791 1164 1821 hoc
1182 1789 1354 1821 Buecheler
1498 1791 1604 1821 habes
1620 1792 1640 1821 fi

307 1845 331 1872 χ
457 1835 608 1865 redditus
633 1834 739 1874 Βψχε
773 1835 926 1866 redditur
954 1847 970 1864 υ
1121 1836 1181 1873 136
1205 1834 1417 1864 decubuiseu
1583 1844 1641 1873 137

308 1882 361 1907 ter
400 1884 487 1917 υψχε
529 1883 562 1908 te
593 1878 626 1908 Β
658 1883 686 1909 et
719 1878 822 1919 Lillge
847 1883 881 1919 p.
915 1878 957 1917 64
1142 1878 1257 1917 pilium
1296 1876 1384 1908 codd.
1403 1888 1409 1907 τ
1454 1877 1640 1917 Phrygium

308 1920 481 1955 Schrader,
507 1923 544 1960 cf.
567 1921 653 1953 Stat.
690 1921 780 1953 Theb.
800 1922 841 1953 V.
868 1932 941 1961 752,
959 1920 996 1952 S.
1018 1921 1059 1951 II.
1081 1931 1111 1952 2.
1138 1923 1198 1952 108
1333 1921 1392 1960 138
1416 1921 1642 1960 dicebantque

309 1969 421 1995 tamen
438 1965 471 1995 Β
487 1964 589 1996 Relzd.
610 1977 616 1995 2
641 1966 798 1995 dicebant
815 1970 928 1996 tamen
946 1965 1035 1995 hunc
1051 1977 1094 2004 υχ
1219 1974 1280 2004 139
1304 1964 1423 1995 annosi
1439 1964 1486 1995 ed.
1506 1964 1640 1995 Ascens.

312 2017 417 2048 1507:
451 2018 580 2039 annosa
605 2008 738 2047 ΒχΑνε
772 2018 936 2040 annosam
963 2015 986 2048 φ
1120 2008 1264 2039 uicisses
1294 2007 1341 2038 ed.
1371 2007 1505 2039 Ascens.
1536 2017 1642 2047 1507:

310 2052 472 2082 uixissem
498 2051 627 2092 ΒΑνφ
756 2062 816 2090 140
842 2056 944 2083 nente
969 2051 1050 2084 Ald.
1085 2061 1187 2091 1517:
1213 2061 1336 2092 nempe
1363 2051 1451 2083 codd.
1582 2061 1639 2089 141

310 2094 406 2135 quid]
423 2095 513 2133 quod
530 2095 562 2125 Β
738 2105 798 2135 142
821 2096 905 2126 libra
922 2107 928 2126 :
954 2096 1027 2137 (sic)
1045 2102 1068 2135 φ
1236 2105 1296 2135 143
1337 2095 1485 2126 liodores
1502 2106 1524 2134 χ
1543 2106 1549 2125 :
1581 2095 1642 2125 ho-

310 2148 411 2169 nores
438 2138 471 2169 Β
620 2149 679 2178 144
706 2138 782 2170 Non
809 2148 988 2178 numquam
1016 2151 1039 2178 χ
1169 2137 1290 2169 Versus
1320 2139 1466 2178 145-178
1481 2138 1647 2169 coniuncti

310 2192 386 2212 cum
422 2192 481 2220 144
512 2182 670 2222 leguntur
697 2183 730 2212 in
762 2182 917 2213 codicibus
948 2182 1041 2213 nullo
1068 2182 1235 2213 interstitio
1249 2193 1259 2213 .·
1290 2192 1343 2212 eos
1367 2182 1503 2213 alterius
1527 2181 1643 2222 elegiae

310 2235 376 2255 csse
386 2226 520 2265 primus
535 2226 690 2266 opinatus
706 2230 752 2256 cst
765 2226 918 2267 Scaliger,
937 2226 1115 2266 separatim
1131 2224 1230 2257 edidit
1244 2224 1402 2256 Pithoeus
1515 2235 1574 2265 145
1591 2225 1642 2265 (1)

311 2268 380 2309 est]
399 2274 433 2300 et
449 2280 473 2308 χ
595 2271 656 2309 146
675 2270 725 2311 (2)
749 2270 851 2300 ctiam
868 2271 933 2300 iam
951 2269 984 2300 Β
1090 2279 1148 2308 147
1165 2269 1217 2310 (3)
1242 2278 1318 2300 men
1335 2268 1368 2299 B
1479 2268 1595 2308 inquid
1609 2268 1643 2301 Β

312 2312 531 2351 primeuicum
557 2313 590 2344 Β
705 2313 848 2353 turpiter
865 2324 881 2343 v
1033 2313 1093 2352 148
1119 2315 1170 2353 (4)
1193 2317 1373 2352 angustum
1397 2312 1484 2343 bruti
1514 2322 1581 2343 non
1613 2322 1643 2344 c.

314 2356 414 2386 fidem
441 2355 474 2386 B
497 2361 526 2388 et
555 2357 602 2387 sic
626 2363 695 2397 υφχ
725 2357 783 2387 Αν
812 2357 879 2388 nisi
906 2356 996 2397 quod
1023 2362 1199 2396 angustam
1232 2367 1269 2387 v:
1308 2360 1485 2395 augustam
1516 2368 1539 2395 χ
1567 2355 1640 2388 Ar:

311 2400 443 2439 augusti
458 2406 483 2439 φ
632 2400 733 2432 Drusi
750 2401 912 2432 Francius
927 2404 955 2431 et
968 2400 994 2431 I.
1014 2400 1051 2431 F.
1074 2399 1264 2432 Gronouz'ns
1324 2400 1411 2430 diem
1428 2399 1589 2431 Heinsius
