1820 2802
804 160 861 212 ,a
899 145 902 149 ’
1402 161 1549 200 COPA

223 265 311 305 heia
339 279 410 317 age
439 267 649 319 pampinea
678 269 802 308 fessus
823 268 1024 319 requiesce
1053 269 1126 309 sub
1157 269 1295 308 umbra

277 337 316 370 et
344 330 550 381 grauidum
580 343 693 372 roseo
721 339 837 372 necte
865 340 984 384 eaput
1012 333 1200 384 strophio,
1225 328 1242 368 ἰ.
1273 344 1279 358 ··

220 395 498 437 †formosum†
526 402 683 436 tenerae
712 396 929 448 decerpens
959 410 1026 436 ora
1054 398 1219 448 puellae.

273 472 296 498 a
324 466 457 510 pereat
486 459 550 499 cui
579 467 670 499 sunt
699 461 826 512 prisca
858 461 1086 512 supercilia!

219 523 316 574 quid
346 523 466 563 cineri
495 524 646 575 ingrato
676 538 807 565 seruas
837 526 939 565 bene
969 526 1114 566 olentia
1143 528 1273 566 serta?
1507 541 1546 575 35

272 601 375 628 anne
405 595 593 628 coronato
623 589 681 628 uis
711 589 841 641 lapide
870 589 944 628 ista
973 589 1079 640 tegi?

218 666 323 704 pone
353 666 504 693 merum
533 661 572 693 et
601 655 710 693 talos.
769 661 901 704 pereat
930 654 997 705 qui
1027 654 1194 693 crastina
1223 662 1342 695 curat.

273 730 376 757 mors
405 731 539 757 aurem
569 719 718 758 uellens
751 717 914 758 ‘uiuite’
944 718 997 757 ait
1026 719 1195 758 ‘uenia'

261 829 299 859 31
325 820 453 852 Nemes.
472 820 536 852 Ecl.
563 820 623 852 IV.
641 803 683 860 4'6
699 820 747 852 ed.
766 819 816 853 H.
843 819 983 853 Schenkl
1008 821 1103 853 ‘Hac
1122 832 1186 861 age
1208 822 1389 862 pampinea
1414 832 1543 856 mecum

216 864 391 903 requiesce
407 864 469 895 sub
486 864 625 896 umbra.’

261 944 300 973 31
326 935 382 965 hia
408 934 472 965 ΒΕ
488 946 495 965 ;
527 934 580 965 hic
607 934 724 966 SFDr
868 945 910 974 32
933 935 1068 975 trophio
1099 934 1172 966 Vr²
1296 945 1338 975 33
1363 935 1544 969 formosum

216 977 304 1009 codd.
322 989 328 1008 :
353 978 521 1008 formosus
540 977 681 1009 Vrbinas
696 988 760 1018 350
776 981 849 1009 teste
868 979 1023 1010 Curm'one
1037 981 1066 1009 et
1080 979 1126 1009 sic
1138 978 1185 1010 ed.
1203 977 1336 1010 Ascens.
1360 989 1441 1019 1507
1457 992 1465 1012 :
1493 981 1545 1012 fer

217 1030 365 1051 morsum
376 1020 575 1062 Oudendorp
590 1032 597 1052 :
610 1022 693 1060 fort.
714 1031 776 1061 per
792 1031 942 1053 morsum
1003 1032 1062 1052 ore
1079 1021 1110 1053 S
1210 1031 1251 1061 34
1275 1032 1294 1053 a
1310 1027 1428 1062 pereat
1444 1024 1498 1055 cui
1516 1028 1542 1055 Ω

217 1064 328 1103 crispa
342 1074 449 1103 marg.
463 1064 505 1103 B,
521 1064 551 1094 Ιι.
568 1074 591 1094 e.
608 1068 780 1104 corrugata
833 1074 937 1105 super
949 1065 1023 1096 eilia
1035 1064 1069 1095 Β
1156 1074 1197 1104 35
1216 1065 1320 1096 cineri
1333 1075 1372 1097 ex
1383 1067 1498 1098 cinere
1511 1067 1544 1099 Β

216 1109 259 1145 36
282 1117 360 1138 ossa
375 1107 485 1147 Jlgen:
511 1107 618 1147 potuit
629 1108 728 1139 etiam
745 1108 976 1140 nomz‘natiuus
993 1118 1068 1147 esse,
1086 1107 1175 1140 uelut
1189 1108 1255 1139 olla
1272 1118 1355 1140 urna
1480 1112 1543 1141 teri

216 1149 303 1180 Leo:
327 1160 414 1181 anne
439 1151 633 1181 coronando
658 1151 709 1181 uis
733 1150 836 1191 lapidi
851 1153 874 1192 (ἓ
888 1151 1014 1192 lapide)
1033 1151 1096 1182 ista
1120 1151 1211 1190 legi?
1231 1151 1333 1183 editor
1348 1152 1544 1184 Oxom'ensis

217 1192 359 1233 (Parker
374 1194 472 1235 1889)
490 1196 519 1224 et
535 1193 650 1224 Curcio
675 1194 794 1235 (1905)
811 1194 868 1226 sed
883 1195 956 1226 uide
972 1193 1175 1227 Munronem
1192 1194 1240 1226 ad
1252 1194 1380 1228 Lucret.
1398 1196 1438 1229 V.
1461 1206 1543 1237 1199

215 1245 255 1275 37
281 1236 366 1268 allos
379 1236 408 1268 S
516 1241 665 1276 pax-aetat
684 1237 717 1268 E

261 1317 378 1338 PVBLII
402 1316 552 1338 VIRGILII
580 1316 739 1339 MARONIS
763 1318 852 1339 COPA
874 1318 977 1340 FINIT.
1028 1318 1211 1340 VERSICVLI
1236 1311 1361 1341 EIVSDF:
1384 1319 1542 1341 MARONIS

216 1361 259 1382 DE
277 1360 337 1383 EST
353 1360 402 1382 ET.
452 1360 522 1382 NON
541 1360 608 1382 lNc.
625 1353 660 1381 15²
676 1351 706 1381 Β
797 1362 826 1382 Ρ.
841 1361 991 1383 VIRGILII
1010 1361 1168 1383 MARONIS
1184 1362 1271 1383 COPA
1289 1362 1381 1384 FlNrr
1396 1354 1429 1383 E

297 2475 375 2498 ΑΡΡ.
394 2475 426 2497 ν.
1425 2475 1445 2504 6
