1820 2802
337 129 643 168 MAECENAS

337 238 402 276 hic
432 239 554 277 modo
584 237 696 275 miles
726 244 817 284 erat,
850 249 900 274 ne
929 242 1061 286 posset
1092 235 1238 274 femina
1268 236 1441 273 Romam

392 304 567 342 dotalem
597 302 719 352 stupri
749 301 871 351 turpis
901 301 1046 339 habere
1076 300 1146 339 sui.

339 367 403 406 hic
434 368 509 406 tela
538 367 579 404 in
608 368 794 416 profugos
825 365 996 416 (tantum
1026 372 1257 403 curuauerat
1286 365 1440 416 arcum)
1632 381 1672 412 55

394 431 499 470 misit
527 432 579 470 ad
609 438 803 470 extremos
833 429 1106 471 †exorientis†
1135 442 1270 479 equos.

342 497 509 543 Bacche,
541 497 736 534 coloratos
765 502 977 545 postquam
1007 493 1229 533 deuicimus
1259 495 1396 541 Indos,

395 560 539 611 potasti
568 562 679 610 galea
708 561 825 599 dulce
854 559 1016 598 iuuante
1046 572 1209 607 merum,

341 634 380 665 et
408 626 481 665 tibi
510 638 649 664 securo
679 624 836 664 tunicae
866 626 1011 663 fluxere
1041 625 1216 672 solutae;

395 699 434 730 te
463 698 560 741 puto
590 703 804 741 purpureas
834 697 929 728 tunc
959 688 1145 728 habuisse
1175 689 1284 727 duas.
1438 681 1441 683 ’
1632 694 1677 725 60

342 769 430 795 sum
460 769 622 802 memor,
654 762 692 794 et
721 762 826 794 certe
856 754 1030 802 memini,
1063 754 1118 793 sic
1147 755 1292 792 ducere
1321 754 1474 803 thyrsos

396 821 559 863 †bache
587 823 818 871 purpurea†
848 819 1079 858 candidiora
1107 817 1210 857 niue.

342 894 380 925 et
409 884 480 925 tibi
510 887 664 936 thyrsus
693 892 775 924 erat
803 883 969 935 gemmis
998 890 1158 922 ornatus
1187 890 1226 921 et
1254 895 1360 929 auro,

396 958 596 1002 serpentes
626 952 795 990 hederae
824 950 889 989 uix
917 951 1091 989 habuere
1119 951 1264 988 locum.

342 1024 542 1067 argentata
572 1024 661 1055 tuos
691 1016 808 1055 etiam
839 1015 972 1054 talaria
1002 1017 1101 1053 talos
1635 1017 1677 1060 65

397 1081 605 1120 uinxerunt
626 1088 740 1128 certe,
774 1094 846 1118 nec
876 1087 984 1130 puto,
1018 1081 1185 1126 Bacche,
1217 1092 1346 1129 negas.

344 1147 500 1186 mollius
531 1160 572 1185 es
602 1146 718 1185 solito
748 1159 903 1184 mecum
936 1153 1018 1183 tum
1050 1146 1173 1183 multa
1202 1146 1368 1190 locutus,

398 1220 435 1251 et
465 1212 536 1250 tibi
567 1212 750 1250 consulto
780 1211 902 1249 uerba
932 1211 1040 1248 fuere
1072 1223 1188 1248 noua.

344 1277 508 1327 impiger
537 1276 689 1324 Alcide,
722 1278 847 1314 multo
878 1276 1063 1314 defuncte
1094 1275 1239 1320 labore,

399 1342 453 1381 sic
484 1348 704 1381 memorant
735 1355 846 1380 curas
877 1349 914 1380 te
944 1340 1122 1390 posuisse
1153 1347 1250 1386 tuam,
1641 1351 1681 1385 70

345 1407 399 1445 sic
431 1415 468 1446 te
497 1421 588 1445 cum
619 1414 752 1445 tenera
783 1407 1012 1447 †multum†
1043 1404 1181 1443 lusisse
1210 1405 1350 1454 puella,

399 1472 567 1510 oblitum
598 1473 776 1510 Nemeae
807 1471 975 1520 iamque,
1009 1470 1261 1520 Erymanthe,
1294 1468 1361 1507 tui.

346 1539 445 1576 ultra
474 1536 669 1586 numquid
699 1538 808 1574 erat?
865 1535 1008 1574 torsisti
1038 1534 1180 1585 pollice
1209 1535 1327 1572 fusos

393 1650 434 1679 53
451 1639 506 1680 ne]
521 1650 583 1670 nec
600 1639 650 1670 B:
676 1644 694 1670 ᾗ
711 1651 734 1678 χ
816 1649 857 1678 54
875 1639 1000 1678 strupri
1018 1638 1051 1668 E
1111 1638 1233 1668 herere
1245 1649 1262 1667 υ
1277 1648 1282 1667 t
1297 1638 1377 1677 fort.
1393 1637 1518 1676 stupris
1535 1637 1682 1668 subdere

349 1683 456 1724 turpis
469 1684 572 1714 herae
651 1685 692 1722 56
717 1694 759 1714 ex
772 1682 973 1713 orientisB:
991 1692 1070 1713 mox
1083 1692 1111 1713 0.
1127 1681 1304 1712 Heinsius:
1322 1692 1406 1711 num
1424 1682 1514 1712 acta?
1539 1691 1583 1711 an
1601 1680 1682 1712 uix?

349 1737 390 1767 57
418 1738 501 1758 num
515 1727 705 1758 caloratos?
783 1726 901 1767 Indos]
921 1727 1020 1756 innos
1036 1737 1059 1764 χ
1152 1726 1194 1764 58
1218 1725 1348 1764 galeam
1365 1736 1388 1763 χ
1488 1726 1532 1754 60
1555 1734 1642 1755 nunc
1659 1736 1681 1763 χ

349 1773 389 1802 61
412 1781 486 1802 sum
503 1780 632 1801 memor
649 1776 682 1801 et
699 1774 792 1801 certe
809 1770 937 1811 [sslf]
954 1770 1001 1800 sic
1019 1770 1144 1800 ducere
1161 1769 1262 1799 tirsos
1275 1768 1307 1798 Β
1320 1768 1378 1798 sed
1388 1769 1433 1798 ita
1446 1771 1483 1798 ut
1495 1769 1543 1797 sic
1557 1768 1682 1798 ducere

351 1815 454 1845 tirsos
477 1814 543 1844 alia
568 1825 674 1844 manu
698 1819 727 1844 et
747 1815 852 1844 serius
878 1813 1000 1844 adiecta
1032 1812 1231 1843 uideantur:
1264 1822 1337 1842 sum
1370 1821 1500 1842 memor
1529 1816 1563 1842 et
1591 1816 1683 1841 certe

352 1858 490 1889 memini
516 1857 564 1888 sic
590 1858 704 1888 dicere
730 1863 825 1897 tyrso
851 1868 897 1896 x:
931 1856 978 1888 sic
996 1857 1120 1887 ducere
1138 1862 1249 1895 tyrsos
1273 1867 1312 1885 v:
1349 1854 1529 1885 meministi
1558 1854 1682 1885 ducere

349 1901 544 1933 Buecheler:
558 1902 644 1941 fort.
659 1911 737 1931 num
752 1910 883 1932 memor
898 1902 955 1932 es?
981 1904 1074 1930 certe
1087 1899 1225 1930 memini
1244 1899 1291 1929 sic
1306 1899 1420 1929 dicere
1434 1898 1553 1938 thyrso
1641 1900 1683 1928 62

350 1946 477 1976 baccha
495 1954 667 1984 purpuera
683 1955 725 1983 χε
750 1944 856 1975 bache
869 1953 1037 1983 purpurea
1050 1943 1082 1973 B
1098 1955 1104 1973 :
1129 1943 1255 1974 bachea
1269 1952 1437 1982 purpurea
1451 1942 1560 1980 υφΑν
1575 1953 1581 1972 :
1599 1951 1682 1981 prae

352 1999 436 2028 pura
451 1987 650 2029 Oudendorp
666 2000 673 2019 :
698 1997 866 2028 praepura
880 1987 985 2018 Riese.
1023 1986 1095 2026 Ego
1104 1997 1144 2017 ex
1159 1995 1327 2026 purpuera
1342 1984 1433 2024 quod
1440 1985 1537 2016 habet
1551 1997 1573 2024 χ
1592 1988 1685 2015 ratus

351 2043 431 2063 sum
455 2031 648 2062 eliciendum
672 2041 738 2062 esse
756 2031 891 2062 Bacche
916 2041 1000 2070 puer
1018 2041 1099 2070 pura
1117 2030 1248 2071 (Amer.
1264 2029 1300 2067 J.
1321 2028 1440 2059 Pln'lol.
1463 2028 1523 2059 IX.
1537 2034 1572 2068 p.
1585 2028 1683 2067 270):

350 2075 507 2106 bracchia
532 2085 704 2115 purpurea
728 2074 809 2105 Ald.
831 2084 910 2113 1517
1066 2076 1108 2112 63
1133 2073 1280 2112 geminis
1304 2072 1336 2102 Β
1467 2074 1509 2110 64
1533 2072 1637 2102 edere
1660 2084 1683 2111 χ

351 2122 394 2158 65
420 2119 538 2149 talaria
562 2118 615 2150 B:
654 2118 822 2149 scandalia
850 2129 896 2157 χε
921 2117 1071 2148 sandalia
1088 2123 1149 2156 υφ;
1180 2116 1344 2155 plantaria
1366 2115 1614 2146 Burmannus:
1640 2125 1683 2144 cm

353 2163 557 2203 spatalaria?
645 2165 686 2201 67
711 2168 821 2193 tecum
838 2167 871 2193 tu
888 2168 911 2201 φ
1054 2162 1096 2200 69
1119 2160 1253 2200 inpiger
1269 2159 1369 2199 Βυφχ
1460 2159 1623 2189 defuncto
1637 2170 1659 2197 χ
1677 2170 1682 2188 :

505 2215 520 2231 Ε

353 2240 536 2279 desunctls
559 2239 592 2270 Β
682 2249 723 2278 70
747 2237 859 2278 curas]
877 2243 969 2269 turas
985 2249 1008 2277 χ
1054 2238 1204 2277 potuisse
1221 2237 1252 2267 Β
1314 2246 1349 2275 71
1370 2241 1479 2266 tecum
1500 2240 1522 2267 t.
1543 2235 1682 2266 multum

354 2283 409 2313 B:
435 2288 546 2314 tecum
574 2288 595 2313 t.
625 2288 734 2313 tecum
765 2282 904 2322 lus(luss
929 2282 1038 2321 xlisse
1060 2288 1149 2321 υφχε
1186 2281 1308 2311 laetum
1326 2281 1386 2310 lus.
1411 2279 1551 2309 Ascens.
1578 2288 1684 2317 1507:

347 2327 433 2365 sort.
459 2327 507 2357 sic
532 2331 564 2356 te
589 2336 665 2356 cum
688 2330 816 2363 tenera,
837 2331 869 2355 te
895 2325 1079 2356 conlusisse
1104 2335 1135 2364 p.
1275 2334 1313 2361 72
1338 2334 1381 2354 ne
1402 2322 1542 2352 meaB:
1567 2332 1684 2364 nemee

357 2377 380 2410 φ
396 2382 401 2399 :
428 2379 567 2400 nemees
584 2381 607 2408 χ
697 2380 737 2409 73
761 2369 847 2399 ultra
863 2369 999 2400 Asceus.
1025 2379 1105 2407 1507
1122 2381 1127 2398 :
1155 2369 1242 2398 ultro
1258 2366 1359 2407 Βυφχ
1431 2366 1592 2405 numquid
1610 2370 1682 2396 erat

358 2414 408 2444 B:
434 2414 699 2452 numquieratx:
727 2413 851 2451 nunqui
874 2418 945 2443 erat
967 2419 990 2451 φ
1091 2411 1198 2451 susos]
1223 2411 1293 2441 sosu
1312 2422 1333 2449 χ
