1820 2802
1131 179 1307 217 DIRAE
1339 177 1548 234 [LYmA]

327 292 365 322 et
395 286 606 323 moechum
636 292 769 324 tenera
797 286 931 335 ganisa
960 293 1018 324 est
1047 287 1202 325 laedere
1231 287 1271 325 in
1301 290 1421 327 herba

325 361 541 399 purpureos
571 351 695 395 flores,
727 363 827 399 quos
858 350 1016 400 insuper
1044 351 1316 399 accumbebat,
1486 366 1548 402 170

324 414 425 451 clam
454 414 530 452 dea
558 414 732 452 formoso
761 427 990 464 supponens
1020 414 1221 465 †gaudia†
1249 416 1363 454 collo.

324 484 407 515 tum
437 478 556 516 credo
585 479 709 517 fuerat
739 480 901 517 Mauors
931 478 1125 518 distentus
1156 479 1196 517 in
1225 479 1368 518 armis:

228 555 268 589 70
325 555 416 580 nam
446 549 549 581 certe
578 544 780 581 Vulcanus
810 543 1117 596 opus'f‘aciebat,
1149 551 1187 582 et
1216 543 1270 582 illi

323 607 419 645 tristi
449 608 630 657 turpabat
660 609 803 646 malam
832 595 992 657 ffiiigsne
1023 607 1169 659 barba]

321 685 401 710 non
431 674 583 711 Aurora
612 685 739 711 nouos
769 673 886 710 etiam
917 673 1085 721 plorauit
1114 685 1277 720 amores,
1480 688 1540 724 175

320 744 438 786 atque
467 737 612 775 rubens
641 738 778 775 oculos
808 749 921 775 roseo
952 736 1094 786 celauit
1123 737 1299 776 amictu?

319 800 410 839 talia
438 801 658 840 caelicolae.
718 793 912 851 numquid
942 792 1071 840 minus
1101 814 1218 840 aurea
1246 804 1416 852 promo?

213 880 250 912 75
309 878 400 916 ergo
431 866 539 915 quod
571 866 668 904 deus
697 873 819 916 atque
849 867 978 913 heros,
1008 853 1076 903 eur
1105 879 1186 904 non
1217 865 1345 905 minor
1373 869 1512 906 aetas?

319 929 451 968 infelix
481 943 564 979 ego,
597 942 678 968 non
707 929 774 968 illo
804 929 870 979 qui
901 936 1078 980 ternpore
1107 937 1221 968 natus

317 1006 397 1044 quo
426 993 549 1032 facilis
579 1001 716 1032 natura
744 994 826 1032 fuit.
887 985 1022 1032 sors'o
1052 1007 1140 1032 mea
1168 995 1281 1033 laeua
1480 1005 1540 1035 180

317 1059 517 1106 nascendi,
550 1060 816 1108 miserumque
844 1071 978 1109 genus,
1011 1059 1104 1108 quoi
1135 1071 1219 1097 sera
1248 1058 1372 1098 libido
1402 1064 1484 1099 est!
1530 1068 1563 1080 '¹

316 1130 477 1170 tantam,
509 1122 599 1170 uita,
632 1137 743 1162 meae
772 1124 889 1175 cortis
918 1124 1044 1162 fecere
1073 1122 1260 1173 rapinam,

220 1196 261 1225 80
318 1196 360 1226 ut
389 1184 571 1227 maneam
601 1189 710 1238 quod
740 1187 804 1226 uix
833 1187 957 1227 oculis
987 1200 1225 1238 cognoscere
1253 1188 1393 1239 possis.

250 1275 293 1304 66
317 1266 493 1305 moechum
509 1274 697 1305 Baehrens:
724 1284 853 1305 mecum
869 1273 1073 1306 BFnMSb:
1102 1284 1177 1305 mea
1199 1283 1272 1304 cum
1294 1274 1341 1305 T:
1365 1279 1398 1306 et
1423 1285 1534 1308 secum

207 1316 364 1358 Scaliger:
397 1323 431 1348 et
452 1322 561 1348 tecum
580 1317 777 1357 Gronouius,
797 1317 1013 1357 Peerlkamp:
1049 1322 1082 1349 et
1106 1318 1169 1348 dea
1186 1317 1270 1347 clam
1288 1317 1468 1350 Heinsius:
1502 1325 1536 1351 et

207 1361 269 1392 dea
280 1371 354 1392 cum
366 1366 483 1392 tenero
505 1360 717 1401 Wernsdorf:
741 1366 882 1392 etmare
899 1371 973 1392 cum
986 1365 1105 1391 tenero
1116 1359 1316 1392 Lachmann
1399 1361 1536 1394 laedere

208 1404 386 1435 Canterus:
420 1404 538 1435 ludere
563 1404 654 1435 codd.
799 1405 840 1444 67
865 1404 1082 1435 occumbebat
1110 1403 1151 1434 M
1295 1404 1338 1434 68
1362 1405 1447 1436 clam
1473 1407 1536 1438 dea

205 1448 340 1488 scripsi:
365 1447 503 1487 grandia
527 1447 620 1479 codd.
740 1448 905 1488 formoso]
933 1448 1080 1478 formasa
1106 1446 1136 1479 S
1154 1458 1199 1478 m.
1213 1451 1267 1487 pr.
1394 1450 1532 1490 gaudia]

206 1491 334 1530 Cypria
345 1491 452 1521 Naeke
466 1501 473 1520 ε
498 1491 611 1521 suauia
623 1491 661 1521 L.
677 1489 711 1521 C.
728 1490 874 1521 Purser:
898 1490 1040 1521 candida
1057 1514 1064 1521 .
1084 1513 1091 1521 .
1113 1513 1120 1521 .
1141 1490 1299 1521 bracchia
1310 1490 1363 1521 uel
1377 1491 1534 1524 bracchia

206 1557 213 1565 .
237 1557 244 1564 .
265 1557 273 1565 .
299 1534 439 1565 candida
456 1534 559 1574 uulg„
578 1535 616 1574 cf.
632 1533 749 1565 Catull.
771 1533 890 1564 LXIV.
911 1542 975 1571 332
1109 1534 1266 1564 bracchia
1282 1534 1302 1564 f.
1322 1544 1348 1564 s.
1363 1534 1491 1574 Cypria
1505 1546 1533 1567 e.

204 1576 403 1608 Lachmann
421 1588 427 1607 ε
441 1578 522 1616 fort.
537 1577 676 1616 glaucia,
690 1577 725 1616 (f-
740 1577 946 1608 Scriuerium
963 1576 1010 1607 ad
1024 1575 1172 1608 Martz'al.
1186 1576 1248 1608 IX.
1263 1578 1315 1607 26.
1329 1587 1358 1608 2.
1445 1580 1489 1619 69
1505 1579 1534 1610 T

202 1620 322 1650 initiali
337 1631 464 1661 magna
480 1619 573 1650 BFP
587 1631 593 1650 :
628 1630 701 1650 cum
724 1620 784 1650 TF
885 1621 1021 1651 Mauors
1037 1621 1149 1650 fueras
1168 1620 1359 1651 Gronouz'us
1491 1633 1533 1661 70

204 1663 296 1705 nam]
316 1664 378 1694 hoe
400 1663 448 1694 T:
472 1673 548 1694 cum
564 1663 758 1703 Peerlkamp
856 1673 893 1702 71
920 1663 1007 1693 tristi
1039 1663 1264 1703 turpabatque
1295 1663 1532 1705 (turbabatque

209 1706 277 1744 TS)
303 1706 391 1737 mala
417 1706 556 1745 fuligine
576 1707 715 1737 barbam
736 1705 922 1737 BMPST:
948 1706 1050 1737 malas
1069 1706 1241 1747 Scaliger:
1263 1707 1384 1737 malam
1400 1707 1531 1740 Naeke:

202 1749 306 1780 barba
316 1749 461 1790 Scaliger
513 1751 667 1789 turpabat
678 1749 836 1780 strictura
850 1749 936 1780 mala
950 1750 968 1781 s.
984 1749 1121 1780 barbam
1133 1760 1189 1790 ego
1202 1750 1282 1780 olim
1363 1761 1402 1790 73
1427 1751 1529 1783 rubeo

209 1793 240 1824 T
340 1793 467 1824 uelauit
484 1792 723 1833 Broukhuysen
862 1803 902 1832 74
926 1792 954 1823 T
973 1793 1096 1823 initiali
1109 1803 1234 1833 magna
1252 1793 1346 1823 BFP
1490 1805 1530 1834 75

202 1836 281 1876 quid
309 1835 395 1867 MSb
533 1847 632 1868 aeros
658 1835 700 1865 M
837 1845 876 1875 77
901 1836 978 1866 leua
1004 1836 1037 1866 Β
1191 1837 1231 1875 78
1256 1836 1473 1868 Nascendum
1505 1838 1536 1868 T

203 1890 269 1918 quo
285 1879 373 1911 codd.
392 1879 450 1910 sed
462 1878 503 1909 M
515 1890 553 1910 ex
570 1890 636 1919 qua
654 1891 661 1910 z
684 1878 762 1918 quoi
779 1878 887 1909 Naeke
1026 1884 1078 1910 est
1095 1889 1161 1909 om.
1179 1879 1197 1909 b
1374 1890 1414 1920 79
1437 1885 1531 1912 tanta

203 1925 349 1962 (tantum
373 1922 444 1962 PT,
472 1927 598 1954 tantam
623 1923 655 1963 b)
682 1933 776 1953 meae
800 1923 890 1953 uitae
908 1922 1016 1963 (uitae
1040 1932 1134 1953 meae
1150 1921 1191 1961 P,
1209 1923 1280 1953 uita
1300 1933 1395 1954 meae
1416 1923 1454 1963 T,
1476 1934 1529 1954 me

202 1966 271 1996 uite
289 1966 325 2005 S,
347 1966 415 1997 uita
432 1967 498 1996 mei
514 1966 548 2006 b)
566 1967 676 1997 cordis
695 1966 807 1996 secere
828 1965 935 2006 (secer
953 1965 998 2006 P)
1024 1965 1174 2005 rapinam
1199 1965 1436 1997 BFnMSTb:
1462 1966 1529 1998 fata

200 2019 296 2040 meae
321 2014 449 2040 tantum
480 2009 582 2040 sortis
609 2010 631 2041 f.
657 2009 787 2040 ruinam
812 2009 863 2039 uel
885 2013 1011 2039 tantam
1038 2009 1104 2039 fata
1127 2019 1203 2039 meo
1227 2010 1321 2039 cordi
1348 2009 1367 2040 s.
1398 2010 1528 2041 ruinam

200 2053 361 2084 Heinsius
374 2064 381 2083 z
405 2057 535 2083 tantum
547 2053 592 2083 mi
603 2053 692 2083 uitae
705 2062 806 2083 curae
818 2052 980 2083 Francius
994 2063 1001 2082 ε
1025 2057 1104 2083 uota
1115 2061 1210 2082 meae
1221 2052 1335 2082 Iacobs
1350 2063 1355 2082 :
1382 2053 1451 2083 fata
1463 2054 1528 2085 mei

201 2097 291 2128 curis
300 2096 423 2137 Haupt
436 2107 443 2127 :
460 2096 526 2127 fata
536 2106 631 2127 meae
644 2096 735 2127 uitae
752 2095 873 2127 Canal:
896 2099 1021 2126 tantam
1031 2095 1099 2126 fata
1111 2105 1205 2126 meae
1218 2095 1326 2126 carnis
1337 2095 1506 2127 Baehrens
1518 2108 1525 2127 ε

199 2139 266 2170 sata
290 2150 383 2171 meae
408 2140 498 2170 uitae
517 2150 602 2179 quor
624 2140 673 2170 sic
690 2139 710 2171 f.
726 2150 751 2171 r.
769 2139 845 2169 Birt
937 2139 1025 2169 Mihi
1038 2138 1149 2169 cordis
1166 2149 1204 2169 ex
1218 2138 1322 2169 cortis
1338 2143 1527 2179 corruptum

202 2182 350 2215 uidetur:
376 2186 515 2222 tantam,
545 2193 617 2214 mea
645 2183 715 2213 uita
742 2182 797 2223 (sc.
827 2181 959 2221 Lydia),
992 2181 1109 2213 milites
1135 2182 1228 2212 cortis
1259 2192 1347 2213 meae
1372 2182 1525 2222 rapinam

199 2225 347 2266 she-erunt,
366 2227 398 2258 h.
411 2237 436 2258 e.
452 2229 584 2258 tantum
597 2226 804 2257 abstulerunt
813 2225 942 2261 auium,
958 2228 994 2255 ut
1003 2230 1085 2265 prae
1094 2224 1194 2255 macie
1204 2235 1291 2255 mxa
1302 2228 1329 2255 te
1341 2235 1522 2265 cognoscar.

199 2269 259 2300 An
269 2270 476 2301 scribendum
488 2274 627 2305 tantam,
640 2270 719 2309 uita,
733 2278 827 2299 meae
844 2269 961 2299 sordes
979 2268 1024 2308 (h,
1044 2278 1066 2299 e.
1083 2267 1223 2299 conducio
1235 2269 1408 2299 maerentis
1423 2269 1526 2299 amis-

200 2323 277 2344 sam
293 2314 377 2353 rem)
396 2313 507 2345 fecere
524 2313 675 2344 ruinam?
764 2313 807 2342 80
823 2311 949 2351 possim
967 2312 986 2341 b

245 2366 273 2388 P.
289 2365 438 2387 VIRGILu
468 2366 626 2387 MARoms
650 2365 758 2386 numa
782 2364 924 2385 rimvm·
944 2363 1032 2385 coPA
1055 2363 1203 2385 mvsmcm
1228 2363 1359 2385 mcu’rr
1381 2354 1414 2385 E
1434 2358 1465 2385 et
1485 2356 1530 2386 sic

200 2399 233 2430 P
259 2399 317 2430 sed
335 2399 444 2431 addito
468 2409 626 2431 MARoms
647 2403 724 2440 post
746 2407 918 2429 mvsozw:
954 2407 1070 2428 panu
1094 2407 1245 2429 vmcuu
1267 2407 1423 2429 amamus
1440 2407 1527 2439 mag

200 2452 362 2480 r1u1vnr3
394 2452 482 2474 com
509 2443 634 2474 1-:1vsm‘3
659 2451 817 2473 MAROMS
841 2449 971 2472 mcum·
1045 2440 1079 2471 B
