1820 2802
1387 170 1550 221 enus

212 287 292 313 non
323 274 430 313 licuit
455 274 640 325 grauidos
670 288 794 325 penso
824 276 1036 314 deuoluere
1066 277 1201 314 susos?

210 346 249 377 at
279 339 370 377 belli
400 341 537 378 saltem
567 339 764 389 captiuam
794 341 878 390 lege
907 343 1111 378 necasses!

211 402 288 441 iam
318 405 441 442 fessae
471 405 631 442 tandem
661 404 814 454 fugiunt
843 405 893 443 de
922 418 1085 454 corpore
1115 404 1226 451 uires,

211 474 248 505 et
278 475 395 518 caput
424 467 566 507 inflexa
594 470 743 506 lentum
774 468 927 508 ceruice
956 468 1159 516 recumbit,

213 545 429 571 marmorea
458 533 641 572 adductis
672 534 866 573 liuescunt
897 534 1080 572 bracchia
1109 533 1235 573 nodis.
1474 552 1539 582 450

210 597 395 646 aequorei
424 597 573 647 pristes,
605 598 793 636 immania
822 612 985 648 corpora
1015 599 1140 648 ponti,

210 661 386 712 undique
415 662 670 710 conueniunt,
702 671 740 702 et
768 655 907 713 glauco
937 663 977 701 in
1006 663 1155 714 gurgite
1185 663 1330 702 circum

211 726 373 765 uerbere
402 728 616 766 caudarum
645 735 764 778 atque
794 728 870 766 oris
881 727 1130 770 „minitantur
1159 728 1278 767 hiatu.

209 790 287 828 iam
318 792 476 830 tandem
509 805 621 830 casus
652 792 869 840 hominum,
902 792 979 831 iam
1009 793 1169 844 respice,
1203 793 1362 832 Minos!

209 854 257 893 sit
286 855 378 894 satis
408 857 495 903 hoc,
528 863 681 895 tanturn
711 858 879 906 Scyllam
909 857 1055 896 uidisse
1086 859 1289 896 malorum.
1474 875 1538 906 455

209 921 272 958 uel
302 921 381 959 fato
411 921 525 959 fuerit
554 921 668 960 nobis
699 923 796 960 haec
826 921 960 960 debita
988 921 1120 972 pestis,

209 985 272 1023 uel
302 998 394 1023 casu
424 985 596 1033 incerto,
616 985 753 1024 merita
782 987 845 1024 uel
874 986 1046 1037 denique
1076 988 1214 1037 culpa:

209 1048 342 1086 omnia
371 1063 462 1087 narn
493 1050 623 1099 potius
654 1064 772 1100 quarn
802 1058 840 1089 te
869 1050 1008 1089 fecisse
1037 1052 1212 1101 putabo.'

264 1113 429 1152 Labitur
456 1113 604 1153 interea
633 1116 805 1154 resoluta
833 1116 883 1154 ab
914 1115 1027 1154 litore
1057 1115 1202 1163 classis,

211 1190 352 1227 magna
381 1178 588 1228 repentino
619 1178 823 1218 sinuantur
852 1179 973 1218 lintea
1002 1194 1105 1219 coro.
1473 1188 1540 1229 460

208 1242 375 1281 flectitur
404 1242 443 1281 in
476 1243 589 1282 uiridi
618 1258 747 1283 remus
778 1246 868 1291 sale,
901 1245 1087 1296 languida
1116 1247 1240 1284 fessae

208 1307 366 1357 uirginis
396 1307 436 1346 in
466 1322 581 1347 cursu
612 1309 775 1348 moritur
803 1309 1049 1359 querimonia
1078 1312 1208 1361 longo.

208 1371 352 1411 deserit
380 1373 552 1422 angustis
582 1373 778 1412 inclusum
808 1374 986 1413 faucibus
1018 1376 1211 1422 Isthmon,

210 1436 445 1487 Cypselidae
474 1438 605 1488 magni
635 1439 813 1477 florentia
842 1453 960 1490 regna
990 1439 1171 1480 Corinthi
1186 1455 1196 1488 3

207 1501 389 1551 praeterit
417 1503 601 1553 abruptas
632 1503 802 1542 Scironis
832 1504 1009 1554 protinus
1038 1518 1157 1553 arces,
1472 1514 1536 1555 465

207 1566 474 1617 infestumque
504 1567 583 1606 suis
613 1567 720 1607 dirae
750 1569 958 1608 testudinis
988 1569 1065 1608 exit

207 1633 422 1682 spelaeum,
451 1633 656 1683 multoque
686 1641 867 1672 cruentas
897 1634 1052 1685 hospite
1082 1642 1227 1674 cautes.

250 1736 313 1774 448
338 1735 428 1766 fesso
443 1734 609 1766 Schrader
694 1747 759 1776 450
783 1736 947 1768 liueseunt
967 1737 1124 1768 Heinsius
1141 1742 1170 1769 et
1186 1749 1216 1769 u.
1236 1738 1267 1770 d.
1288 1738 1468 1770 Obseruall.
1492 1739 1532 1770 ΙΙ.

202 1784 236 1819 p.
265 1789 348 1818 324:
389 1779 562 1809 labescunt
585 1779 677 1810 RA:
717 1780 892 1811 labascunt
922 1781 972 1811 U:
1011 1781 1233 1821 adductisque
1266 1781 1450 1818 labascunt,
1487 1783 1533 1814 ed.

206 1821 314 1854 Paris.
336 1832 439 1862 1500:
464 1823 640 1853 tabescunt
661 1822 827 1854 Schrader
964 1835 1023 1864 451
1052 1826 1210 1864 aequorei
1228 1825 1323 1856 AR:
1347 1836 1535 1865 aequoreae

208 1864 242 1894 U
305 1866 428 1905 pristes
440 1865 601 1896 Barllu'us
618 1867 699 1897 1608
713 1878 719 1896 z
744 1867 866 1906 pistres
881 1868 1115 1899 Corsim'cmus:
1141 1869 1253 1907 pisces
1266 1868 1308 1905 R,
1324 1873 1353 1900 et
1365 1875 1532 1909 suprascr.

207 1913 322 1947 pestes
345 1908 401 1939 A:
426 1909 463 1947 cf.
487 1909 646 1940 Gronouii
679 1910 864 1941 Obseruatt.
895 1912 920 1942 1.
950 1921 985 1950 17
1099 1911 1258 1942 minantia
1287 1913 1342 1943 R:
1377 1913 1535 1943 immania

209 1951 259 1981 U:
294 1951 462 1982 minancia
487 1952 663 1993 (suprascr.
691 1954 853 1994 inmania)
879 1954 912 1984 A
1003 1965 1066 1994 453
1090 1955 1233 1986 uerbere
1257 1955 1302 1986 ed.
1333 1965 1437 1995 1507:
1462 1967 1537 1986 uer-

206 1994 287 2025 bera
303 1995 374 2026 AR
379 1995 412 2026 U
540 2006 602 2035 454
619 1996 659 2026 ab
673 1998 732 2027 lzoc
746 2007 844 2027 uersu
865 1997 974 2037 incipit
985 1998 1241 2035 Bgruxellensis)
1259 2009 1338 2030 saeC.
1353 1999 1410 2029 xii.
1451 1999 1536 2029 Eius

205 2037 317 2069 codicis
341 2039 375 2068 in
400 2049 538 2069 summo
566 2040 621 2076 sol.
645 2038 702 2078 71b
720 2041 868 2080 praefixa
883 2044 964 2071 sunt
984 2043 992 2058 ‘
1005 2040 1034 2071 d
1051 2047 1064 2072 ἲ
1086 2042 1163 2082 uirg
1180 2053 1218 2073 .s.
1246 2042 1334 2073 euclz.
1362 2042 1400 2072 de
1422 2044 1441 2073 e*
1459 2049 1472 2073 ἰ
1493 2042 1535 2072 lib

205 2081 310 2112 cirris.
341 2081 392 2112 hic
419 2083 482 2112 est’
504 2093 588 2122 quae
619 2083 717 2114 uerba
740 2094 777 2113 ex
799 2084 978 2124 scripturae
1001 2084 1201 2125 compendiis
1223 2085 1408 2116 obscuriora
1440 2087 1535 2116 inler-

203 2128 353 2164 pretatus
368 2129 415 2155 est
435 2125 559 2156 Traube
575 2126 609 2156 in
626 2126 837 2157 Duemmleri
850 2127 935 2158 Poet.
956 2127 1066 2158 Latin.
1083 2128 1158 2159 aeui
1169 2128 1322 2168 Carolini,
1344 2128 1404 2160 ΙΙΙ.
1420 2134 1457 2169 p.
1474 2138 1534 2168 152

205 2177 268 2207 455
294 2168 443 2207 Scyllam
464 2168 601 2209 Haupt:
637 2169 742 2200 solam
765 2170 853 2200 BU:
877 2171 951 2201 sola
967 2170 1037 2200 AR
1133 2181 1195 2210 457
1220 2172 1349 2202 incerto
1367 2171 1534 2213 Scaliger:

207 2210 239 2240 in
255 2215 354 2251 cepto
370 2211 403 2241 Β
418 2223 424 2242 :
448 2212 582 2251 incepto
599 2212 688 2243 AU:
714 2214 869 2253 incoepto
885 2213 918 2243 R
1043 2215 1106 2252 458
1130 2214 1250 2245 secisse
1265 2215 1318 2245 B:
1343 2214 1461 2246 lesisse
1483 2215 1534 2246 U:

204 2253 329 2293 legisse
360 2256 539 2296 (suprascr.
571 2255 704 2294 lesisse)
739 2256 772 2286 A
906 2266 970 2296 459
1001 2257 1148 2288 resoluta
1173 2257 1350 2289 Heinsius:
1383 2258 1536 2289 reuoluta

204 2297 347 2328 BARU
422 2299 464 2329 ab
478 2298 558 2329 BU:
576 2310 595 2330 a
607 2299 678 2329 AR
766 2300 830 2338 460
846 2299 949 2331 lintea
964 2310 1004 2330 ex
1025 2300 1136 2331 littora
1153 2301 1186 2331 Β
1285 2302 1348 2340 463
1372 2301 1489 2333 desirit
1504 2302 1536 2333 Β

204 2340 350 2371 isthmon
383 2341 465 2372 BU:
490 2342 609 2373 istmon
639 2342 671 2372 A
815 2345 877 2381 464
903 2343 1085 2382 Cypselide
1113 2344 1157 2374 U:
1182 2344 1355 2384 Cypseide
1381 2345 1433 2377 R:
1456 2345 1534 2385 Cip-

204 2384 299 2414 Scide
315 2384 381 2414 BA
539 2388 601 2424 465
626 2385 777 2416 Scironis-
790 2387 822 2416 Β
836 2398 842 2416 ;
868 2387 1024 2418 Chironis
1040 2387 1148 2418 ARU

1410 2432 1449 2463 4*
