1820 2802
1229 147 1532 187 MAECENAS

259 265 463 304 paucaque
492 252 647 304 pomosi
677 252 807 302 iugera
836 260 941 292 certa
970 253 1053 291 soli.

206 315 380 356 Pieridas
411 317 700 367 Phoebumque
730 319 864 356 colens
894 317 932 355 in
964 317 1148 356 mollibus
1178 317 1299 356 hortis
1492 336 1530 366 35

259 382 411 420 sederat
438 388 593 431 argutas
621 382 795 431 garrulus
825 381 925 420 inter
953 383 1046 420 auis.

205 459 399 485 marmora
429 445 605 486 Maeonii
635 445 795 485 uincent
825 454 1083 485 monumenta
1111 446 1243 494 libelli,

258 509 404 549 uiuitur
432 509 600 560 ingenio,
632 517 761 549 cetera
790 511 924 549 mortis
954 518 1077 550 erunt.

204 574 302 625 quid
331 576 504 614 faceret?
560 576 770 614 defunctus
800 583 880 614 erat
910 589 1043 614 comes
1073 575 1236 626 impiger
1264 575 1369 614 idem

259 639 370 678 miles
400 647 438 678 et
467 639 636 689 Augusti
665 639 814 678 fortiter
842 653 967 689 usque
996 639 1094 690 pius.
1490 655 1532 685 40

203 703 314 742 illum
344 703 488 754 piscosi
517 703 702 742 uiderunt
730 717 821 742 saxa
850 703 979 742 Pelori

258 768 414 818 ignibus
443 767 596 807 hostilis
626 769 790 807 reddere
819 768 923 818 ligna
952 768 1054 806 ratis.

204 834 365 883 puluere
395 832 434 871 in
466 832 652 871 Emathio
681 834 821 872 fortem
851 833 986 871 uidere
1016 831 1197 882 Philippi.

257 904 337 936 tam
367 910 448 936 non
478 897 542 935 ille
571 905 691 944 tener,
723 905 802 936 tam
832 897 959 948 grauis
988 897 1112 936 hostis
1142 901 1248 936 erat!

203 974 294 1001 cum
324 963 420 1002 freta
449 961 625 1001 Niliacae
649 969 828 1001 texerunt
857 963 934 1000 lata
962 962 1127 1009 carinae,
1491 980 1530 1011 45

256 1026 365 1065 fortis
396 1034 476 1065 erat
505 1026 617 1073 circa,
650 1027 759 1065 fortis
789 1034 827 1065 et
856 1034 947 1065 ante
977 1028 1119 1066 ducem
1136 1041 1145 1075 3

203 1091 336 1131 militis
367 1091 441 1129 Eoi
471 1091 659 1141 fugientia
688 1099 794 1141 terga
823 1098 991 1139 secutus,

257 1156 410 1194 territus
439 1156 490 1194 ad
520 1155 601 1194 Nili
630 1156 726 1194 dum
755 1155 853 1206 fugit
881 1155 945 1194 ille
974 1163 1103 1206 caput.

202 1234 276 1271 pax
305 1227 409 1260 erat:
456 1221 553 1259 haec
582 1220 668 1259 illos
698 1222 871 1259 laxarant
900 1220 979 1260 otia
1007 1222 1146 1260 cultus.

256 1285 390 1324 omnia
418 1284 586 1323 uictores
618 1273 746 1324 Marte
775 1286 938 1324 sedente
967 1286 1121 1324 decent.
1491 1301 1532 1332 50

202 1349 340 1390 Actius
370 1349 453 1400 ipse
483 1350 604 1399 lyram
634 1351 783 1399 plectro
812 1349 1003 1400 percussit
1031 1350 1193 1396 eburno,

256 1422 465 1466 postquam
496 1414 675 1453 uictrices
705 1414 929 1453 conticuere
958 1415 1086 1453 tubae.

243 1527 286 1558 34
311 1517 420 1558 certa]
439 1517 526 1549 culta
540 1517 621 1549 ΑΜ.
643 1527 724 1558 1517
742 1529 749 1548 ι
773 1528 857 1548 num
875 1519 987 1548 terta?
1111 1526 1152 1557 35
1178 1517 1325 1557 pierides
1342 1528 1367 1557 χ
1488 1519 1531 1556 36

201 1562 337 1592 sederat
353 1567 420 1601 υφχ
436 1572 442 1591 :
466 1571 503 1592 se
517 1571 620 1600 super
635 1561 701 1591 ΒΡ
715 1572 722 1591 :
746 1571 849 1600 saepe
866 1565 937 1592 erat
954 1560 1050 1592 Riese
1168 1560 1330 1600 grallulus
1345 1566 1369 1600 φ
1487 1570 1527 1601 37

202 1614 369 1636 marmora
407 1604 524 1636 tminei
559 1604 591 1635 Β
609 1615 616 1635 :
655 1614 819 1635 marmora
859 1605 981 1635 minaei
1012 1604 1065 1635 P:
1104 1614 1146 1635 m.
1180 1604 1303 1636 meonii
1341 1604 1445 1635 Arv:
1484 1614 1528 1635 m.

371 1647 398 1655 υ

202 1682 411 1721 ιηεοῐιί5’φ;
450 1681 658 1721 ιηεηοηίἰχι
696 1680 838 1712 barbara
866 1681 1015 1712 Maeonii
1046 1680 1166 1712 Eldile:
1199 1691 1384 1712 marmorea
1415 1680 1527 1718 Aonii,

202 1725 274 1756 dein
299 1735 466 1756 marmora
492 1724 674 1764 Smyrnaei
703 1724 870 1765 Scaliger:
894 1724 1016 1764 cygnei
1041 1723 1238 1755 Buecheler:
1263 1734 1307 1757 m.
1335 1728 1529 1755 temnentur

202 1767 296 1799 Riese
311 1779 318 1799 ε
331 1768 415 1807 sort.
432 1777 619 1799 marmorea
636 1767 721 1798 lonii
826 1767 964 1798 uincent
981 1767 1064 1799 BP:
1096 1768 1238 1798 uincunt
1254 1773 1322 1808 υφχ
1423 1768 1528 1798 moni-

202 1817 314 1842 menta
329 1811 385 1851 Ρχ
527 1821 571 1850 39
593 1811 705 1842 facere
721 1810 788 1842 ΒΡ
907 1810 1096 1849 defunctus]
1115 1810 1297 1842 discinctus
1313 1810 1359 1842 A.
1378 1810 1527 1848 Fulmen

201 1854 280 1885 Birt
393 1853 476 1894 im(n
500 1854 641 1893 <mpiger
661 1861 734 1895 φχε
759 1855 893 1894 integer
916 1854 1066 1885 BPAr:
1090 1854 1184 1893 inget
1199 1866 1216 1884 υ
1331 1853 1529 1885 ‘Structura

200 1899 295 1930 haec:
330 1897 463 1928 fortiter
488 1897 665 1928 defunctus
692 1901 762 1928 erat
785 1898 873 1928 idem
902 1907 1017 1928 comes
1041 1898 1172 1937 inpiger
1199 1903 1233 1928 et
1256 1896 1353 1928 miles
1380 1897 1527 1936 Augusti

202 1951 310 1981 usque
333 1941 432 1981 piuS.’
478 1940 637 1972 Ribbeck:
669 1940 742 1971 uide
766 1944 877 1971 tamen
902 1951 986 1981 quae
1006 1941 1123 1981 scripse·
1144 1941 1178 1971 in
1203 1940 1319 1972 Amer.
1342 1940 1378 1978 J.
1405 1940 1524 1972 Pln'lol.

203 1984 264 2016 IX.
294 1994 326 2024 p.
357 1985 421 2022 269
627 1993 666 2023 41
693 1983 866 2023 uiderunt]
896 1984 1075 2015 uoluerunt
1101 1990 1144 2024 υφ
1329 1994 1371 2022 42
1396 1984 1528 2014 hostilis

200 2027 278 2058 Ar:
317 2027 459 2058 hostiles
487 2026 621 2067 ΒΡυφχ
804 2028 914 2058 iacere
949 2034 995 2067 φ;
1035 2038 1119 2058 nmn
1157 2026 1293 2058 tradere
1328 2028 1411 2058 sicut
1444 2029 1524 2058 coni.

201 2069 367 2111 Scaliger?
487 2070 568 2101 ratis
583 2071 650 2102 BP
660 2070 734 2102 Ar:
768 2075 858 2102 rates
874 2076 942 2111 υφχ
1073 2081 1115 2109 44
1139 2072 1184 2101 sic
1198 2070 1327 2110 scripsi:
1352 2075 1418 2100 tam
1437 2080 1526 2101 nunc

199 2113 232 2143 Β
249 2125 256 2145 :
280 2124 379 2153 quarn
391 2118 470 2144 tunc
495 2119 562 2153 υφχ
586 2113 644 2145 Αν
756 2124 853 2153 quam
872 2137 879 2146 .
896 2137 904 2145 .
925 2138 932 2144 .
951 2119 1017 2145 tam
1040 2114 1176 2146 Ascens.
1198 2123 1291 2152 1507,
1310 2112 1527 2144 Meibomius:

199 2161 268 2188 tarn
282 2180 290 2190 .
302 2181 309 2189 .
323 2181 331 2189 .
348 2167 446 2197 quam
464 2156 577 2188 Riese:
601 2167 698 2197 quam
715 2181 723 2189 .
741 2182 748 2189 .
762 2182 769 2189 .
787 2167 884 2197 quam
898 2156 1035 2188 Ribbeck
1181 2165 1222 2195 45
1240 2156 1359 2196 l(a)eta
1374 2156 1526 2188 BPAr:

200 2200 266 2232 lata
289 2206 357 2240 υφχ
373 2203 450 2231 recte
460 2201 615 2240 sortasse,
642 2205 681 2232 ut
702 2200 813 2231 Riesio
838 2201 952 2231 uisum
976 2204 1032 2240 est,
1050 2200 1088 2239 cf.
1110 2200 1212 2240 Lillge
1227 2199 1273 2230 (ια’
1286 2199 1375 2230 hunc
1389 2210 1525 2231 uersum

200 2245 243 2281 46
265 2253 341 2274 eras
356 2249 381 2283 φ
437 2244 561 2274 circum
578 2250 667 2283 υφχε
690 2244 781 2275 circa
797 2243 895 2275 ΒΑν
962 2244 1066 2274 duces
1082 2255 1106 2283 χ
1170 2253 1210 2281 47
1236 2242 1394 2281 fugientis
1409 2243 1520 2274 codd.:

200 2286 366 2326 fugientia
392 2284 553 2317 Heinsius
571 2287 756 2328 plusquam
779 2287 992 2327 probabiliter
1105 2287 1146 2326 48
1170 2286 1240 2317 nilii
1257 2298 1281 2326 χ
1369 2287 1477 2326 capud
1493 2286 1527 2316 Β

200 2340 243 2368 49
259 2330 344 2360 haec
358 2340 398 2361 ex
413 2340 451 2361 ac
467 2330 500 2360 Β
595 2330 652 2362 illo
667 2330 743 2371 Βυφ
758 2343 764 2362 2
790 2331 864 2361 illos
892 2342 916 2370 χ
1016 2329 1170 2360 laxarunt
1187 2341 1229 2369 υχ
1245 2340 1252 2360 t
1276 2329 1430 2361 laxarant
1448 2330 1481 2360 B
1496 2333 1527 2360 et

200 2372 454 2414 Relzdtgeranus
619 2382 661 2412 5ο
684 2373 813 2414 omnia]
841 2374 909 2405 otia
936 2372 1102 2404 Mez'neke:
1127 2373 1255 2404 somnia
1281 2372 1378 2404 Birt:
1411 2373 1523 2403 mollia

200 2416 376 2447 Buecheler
466 2416 602 2447 uictoris
619 2417 650 2448 Β
739 2418 858 2448 ducem
875 2429 898 2458 χ
1009 2427 1050 2458 52
1074 2417 1172 2447 turbe
1190 2417 1222 2446 Β

286 2474 363 2497 App,
384 2474 414 2496 V.
1374 2467 1391 2496 S
