1820 2802
705 147 1030 186 PRAEFATIO

205 256 335 293 locum
369 253 602 292 monstrauit
633 253 808 292 Naekius
832 254 884 291 ad
912 252 1027 291 Diras
1054 266 1089 303 p.
1117 265 1203 302 225,
1226 254 1279 292 ita
1309 262 1441 293 autem
1469 255 1537 294 im-

203 318 342 369 pressit
363 320 482 356 Thilo
511 325 554 357 ut
579 319 631 358 ad
651 317 1002 368 pseudo-Seruium
1031 318 1251 369 reuocaret)
1271 320 1369 358 haee
1390 321 1509 358 habet
1529 336 1535 358 :

203 385 277 422 alii
295 385 459 432 Scyllam
479 396 562 421 eum
582 384 738 422 scribere
760 385 913 433 coepisse
938 384 1072 422 dicunt
1091 384 1133 421 in
1160 396 1233 432 quo
1258 384 1356 422 libro
1375 385 1473 422 Nm·
1503 391 1538 423 et

201 449 362 495 lllinois,
385 449 483 497 regis
507 449 754 494 Cretensium,
776 449 914 486 bellum
936 448 1172 486 describebat.

263 513 386 561 Copae
405 525 486 551 non
507 514 635 551 solum
657 526 693 551 u.
711 526 756 562 31
776 513 827 551 ad
845 524 936 551 suos
953 525 1046 551 usus
1060 512 1256 550 transtulit
1273 512 1536 551 Nemesianus

205 577 288 614 Ecl.
308 577 378 614 IV.
401 578 452 623 46
482 577 574 614 Hac
599 589 666 625 age
684 577 898 625 pampinea
918 589 1059 614 mecum
1088 577 1267 625 requiesce
1294 578 1362 614 snb
1386 578 1534 624 mnbra,

202 653 304 690 quae
330 653 456 690 paene
481 641 533 679 ad
559 640 727 679 uerbum
756 639 924 680 imitatio
945 647 1016 689 est,
1044 642 1114 679 sed
1135 640 1337 680 Charisius
1359 640 1477 680 etiam
1498 655 1534 692 p.

202 707 224 742 6
231 718 252 754 3
275 706 326 743 K.
349 712 512 743 testatur
532 717 619 744 eam
641 705 858 755 Vergilium
881 706 1033 755 Cupam
1054 704 1308 755 inscripsisse.

254 770 455 808 Dirarum
479 783 515 808 u.
543 782 615 819 127
643 769 757 820 (Lyd.
793 770 861 822 24)
885 769 1058 809 imitatus
1088 769 1246 810 uidetur
1267 769 1536 820 Epigramma-

201 833 292 872 tista
324 835 432 884 apud
460 836 748 873 Buechelerum
781 837 893 872 1166.
900 847 933 884 5,
958 837 980 872 6
1010 836 1170 873 Doctior
1197 836 1239 873 in
1272 835 1385 873 terris
1423 836 1533 873 nulla

191 900 327 949 puella
337 899 454 947 foret.

252 965 421 1002 Aetnam
451 971 654 1013 tamquam
685 963 845 1013 Vergilii
880 963 1038 1002 Seruius
1067 964 1222 1013 legerat,
1250 963 1318 1013 qui
1346 964 1398 1002 ad
1433 965 1531 1002 Aen.

201 1028 279 1065 III.
308 1039 381 1077 571
418 1027 539 1066 dicit:
578 1033 614 1065 et
643 1041 758 1066 causa
791 1028 908 1066 liuius
935 1028 1102 1066 incendii
1134 1029 1336 1065 secandune
1365 1028 1534 1066 Aetnam

209 1093 368 1142 Vergilii
383 1093 473 1130 lzaec
482 1098 538 1130 est
546 1106 565 1137 ,·
595 1097 690 1131 sunt
699 1098 823 1131 terrae
835 1093 1059 1130 desudantes
1072 1094 1220 1142 suspnr,
1244 1097 1290 1130 ut
1295 1098 1422 1141 paene
1437 1098 1536 1131 totns

198 1164 343 1197 tractus
373 1158 611 1208 Campaniae
639 1159 708 1197 ubi
733 1163 790 1196 est
816 1159 999 1196 Vesmcins
1018 1162 1054 1196 et
1072 1158 1233 1197 Gaurus
1262 1163 1413 1205 montes,
1435 1159 1539 1207 qnod

198 1223 345 1261 indicat
356 1235 550 1272 aquarum
570 1224 663 1261 odor
679 1223 896 1261 calentium.
935 1224 1022 1261 item
1044 1223 1221 1261 nouimus
1235 1236 1282 1260 ex
1294 1236 1416 1272 aquae
1431 1228 1533 1261 mota

199 1293 353 1325 uentum
372 1288 506 1335 creari,
528 1300 602 1326 esse
621 1289 735 1326 etiam
754 1300 937 1326 concauas
956 1293 1092 1325 terras.

253 1353 458 1390 Praeterea
470 1353 621 1390 Moreti
630 1365 665 1390 u.
678 1354 728 1399 48
742 1353 872 1390 Leuat
881 1358 974 1402 opus
979 1353 1198 1401 palmisque
1210 1364 1322 1389 snum
1337 1351 1483 1390 dilatat
1492 1352 1533 1389 in

198 1417 322 1454 orbem
344 1416 473 1454 Μίεο1
487 1416 629 1456 Leuita
649 1416 702 1467 (A.
713 1429 752 1455 D.
772 1419 820 1455 82
827 1429 900 1467 5—5
909 1416 948 1467 3)
971 1417 1010 1455 in
1032 1430 1150 1467 opere
1165 1416 1402 1467 prosodiaco
1423 1417 1532 1466 quod

199 1494 246 1519 ex
265 1480 405 1520 codice
429 1493 529 1520 saec.
552 1481 670 1519 xi-xii
691 1481 815 1521 edidit
836 1483 880 1520 L.
899 1482 1058 1520 Traube
1073 1481 1131 1533 (in
1153 1481 1400 1520 Duemmleri
1421 1483 1530 1520 Poet.

198 1544 326 1583 Latin.
348 1545 437 1584 aeui
459 1545 633 1585 Carolini
653 1553 748 1584 tom.
773 1547 850 1584 ΙΙΙ.
869 1560 906 1596 p.
933 1548 1008 1595 279
1030 1545 1134 1597 sqq.)
1151 1554 1190 1585 et
1212 1547 1339 1595 Copae
1362 1558 1407 1595 17
1431 1547 1536 1585 Sunt

195 1614 234 1647 et
267 1610 403 1648 caseoli
436 1622 528 1659 qnos
561 1611 693 1648 iuncea
714 1610 858 1659 fiscina
889 1610 1003 1648 siccat
1031 1610 1202 1649 seruauit
1221 1625 1228 1648 :
1270 1612 1421 1649 Aetnae
1455 1624 1531 1660 319

185 1675 417 1723 ‚pugnantis
435 1673 595 1724 suffocat
610 1675 684 1712 iter
698 1676 805 1712 uelut
822 1676 927 1712 unda
938 1674 1137 1724 proficndo
1156 1682 1261 1714 extat
1273 1674 1314 1714 in
1326 1676 1530 1725 Exemplis

194 1739 435 1777 diuersorum
473 1743 680 1785 anctorum,
718 1752 837 1788 quem
876 1738 1054 1778 libellum
1087 1739 1260 1778 Miconis
1295 1739 1531 1789 prosodiaco

196 1815 278 1842 non
299 1803 531 1842 dissimilem
551 1803 702 1842 habent
729 1802 887 1842 codices
912 1805 1004 1851 duo,
1031 1805 1119 1842 Vat.
1152 1803 1291 1853 Regin.
1322 1815 1394 1854 225
1428 1817 1527 1843 saec.

197 1868 283 1917 ixsx
312 1876 351 1907 et
380 1867 498 1907 Paris.
523 1869 628 1918 4883
649 1870 700 1916 A,
724 1869 794 1907 sed
824 1867 889 1906 hic
909 1875 1133 1907 truncatum
1163 1881 1238 1907 nec
1268 1868 1342 1907 nisi
1362 1882 1428 1908 uu.
1456 1882 1530 1918 170

195 1933 344 1984 primos
372 1933 625 1984 amplexum²
657 1933 896 1984 (Chatelain,
918 1935 1056 1972 Revue
1095 1935 1145 1972 de
1180 1932 1400 1983 Philologie
1431 1935 1527 1972 VII.

197 1997 360 2049 65-77)

195 2093 312 2115 uersus
331 2082 399 2114 Cirz·
411 2092 610 2114 communes
634 2092 712 2113 cum
733 2081 869 2122 Eclogis
894 2082 1072 2122 Georgicis
1087 2082 1253 2122 Aeneide,
1274 2093 1359 2122 quos
1374 2083 1528 2124 plerique

197 2131 332 2166 poetam
362 2126 404 2158 de
428 2126 582 2166 Vergilio
613 2130 802 2157 mutuatum
834 2126 989 2165 credunt,
1015 2126 1089 2166 ipse
1116 2126 1319 2157 Skutschius
1343 2126 1527 2166 Vergilium

198 2180 243 2201 ex
261 2169 332 2201 Ciri
343 2169 532 2209 sumpsisse
555 2170 730 2201 contendit
744 2181 752 2208 ;
777 2170 980 2209 scriptorem
997 2175 1110 2200 autem
1129 2170 1216 2200 Ciris
1232 2169 1311 2200 facit
1328 2169 1526 2201 Cornelium

197 2213 342 2253 Gallum,
375 2213 470 2244 cuius
505 2213 656 2244 amicitia
690 2213 875 2253 perductus
914 2212 1087 2252 Vergilius
1120 2222 1162 2243 ex
1199 2222 1240 2243 eo
1277 2212 1419 2252 plurima
1457 2213 1530 2244 suis

198 2256 404 2287 carminibus
420 2255 582 2288 intulerit.
676 2275 681 2283 ι

241 2299 253 2318 ¹
278 2299 408 2340 Scripsi
425 2300 467 2330 de
485 2299 620 2330 Micone
637 2309 691 2339 pp.
711 2309 796 2339 9—21
821 2298 1033 2330 TomiXXII
1053 2299 1160 2330 Diarii
1186 2298 1310 2330 Philol.
1329 2298 1524 2338 Cantabrig.

199 2342 422 2382 (Cambridge
438 2343 582 2381 Journal
599 2343 637 2374 of
652 2342 848 2382 Philology‚
870 2342 982 2382 1894).

242 2385 254 2405 ²
279 2386 332 2417 Ex
357 2386 409 2417 his
430 2385 599 2427 Exemplis
622 2386 733 2417 elucet
758 2397 881 2417 nornen
901 2385 1091 2426 Catalepton
1120 2385 1430 2426 Epigrammatibus
1455 2386 1528 2417 siue

841 2439 893 2479 vli
