1820 2802
347 166 726 206 CATALEPTON

404 289 522 315 aurea
549 288 656 314 nunc
685 274 810 326 rapidi
839 275 1002 314 flumina
1030 275 1138 314 adire
1167 276 1296 327 Tagi?

349 352 455 380 nunc
484 340 600 379 aliam
630 354 676 379 ex
704 339 779 379 alia
807 340 995 379 bellando
1024 353 1212 391 quaerere
1242 348 1413 392 gentem,

399 405 558 444 uincere
587 412 626 444 et
655 404 807 444 Oceani
836 404 981 444 finibus
1011 405 1203 445 ulterius?

345 483 427 510 non
456 477 635 509 nostrum
665 476 723 508 est
752 476 891 517 tantas,
923 483 1016 518 non,
1047 470 1221 521 inquam,
1252 470 1442 521 attingere
1471 471 1608 510 laudes
1637 485 1677 518 55

399 535 495 586 quin
525 533 651 573 ausim
681 536 757 573 hoc
787 534 906 573 etiam
937 535 1077 582 dicere,
1110 535 1175 574 uix
1205 536 1413 574 hominum
1443 543 1511 574 est.

344 601 429 651 ipsa
458 602 566 647 haec,
598 599 683 650 ipsa
710 600 835 638 ferent
863 613 991 638 rerum
1022 608 1281 640 monumenta
1311 615 1379 652 per
1408 602 1556 648 orbem,

399 665 483 716 ipsa
513 664 587 703 sibi
616 663 813 714 egregium
843 665 945 703 facta
973 666 1095 704 decus
1124 665 1286 716 parient.

346 743 419 769 nos
449 743 507 778 ea,
537 743 638 780 quae
668 736 800 768 tecum
831 730 1026 768 finxerunt
1055 730 1229 769 carmina
1257 730 1350 778 diui,

401 794 596 844 Cynthius
627 801 665 834 et
696 795 848 842 Musae,
877 796 1058 833 Bacchus
1089 802 1127 833 et
1156 795 1305 845 Aglaie,
1635 801 1677 833 60

346 859 378 898 si
406 861 524 899 laude
553 859 722 910 aspirare
751 859 910 898 humilis
941 866 979 898 et
1008 859 1116 899 adire
1146 860 1331 910 Cyrenas,

399 924 431 963 si
459 923 584 975 patrio
615 926 755 963 Graios
786 923 959 963 carmine
988 924 1097 964 adire
1127 926 1226 963 sales

345 1002 570 1039 possumus,
598 990 741 1040 optatis
770 991 858 1040 plus
887 990 964 1028 iam
993 989 1245 1040 procedimus
1274 989 1381 1040 ipsis.

400 1056 477 1093 hoc
506 1054 598 1094 satis
628 1062 686 1094 est
701 1069 711 1103 ,-
748 1054 883 1105 pingui
913 1054 967 1093 nil
998 1055 1094 1094 mihi
1124 1068 1215 1094 cum
1246 1056 1405 1107 populo.

977 1235 1015 1273 X

401 1322 570 1362 Sabinus
600 1321 678 1371 ille,
707 1334 827 1372 quern
857 1321 1012 1370 uidetis,
1044 1321 1231 1372 hospites,

345 1387 399 1426 ait
428 1387 547 1426 fuisse
577 1386 699 1426 mulio
728 1387 963 1433 celerrimus,

346 1466 476 1503 neque
506 1451 621 1490 ullius
650 1452 820 1490 uolantis
850 1451 1042 1502 impetum
1072 1450 1142 1489 cisi
1198 1452 1218 1469 ·'

346 1516 530 1566 nequisse
559 1517 778 1567 praeterire,
812 1516 895 1555 siue
926 1518 1137 1555 Mantuam
1612 1562 1614 1564 ,

346 1594 447 1631 opus
475 1583 575 1620 foret
604 1583 737 1621 uolare
766 1581 850 1620 siue
879 1581 1062 1620 Brixiam.
1440 1634 1443 1635 γ
1544 1588 1547 1593 ’
1585 1575 1588 1581 ’
1662 1599 1682 1634 5

347 1653 385 1684 et
414 1647 491 1685 hoc
520 1653 637 1697 negat
666 1646 1066 1697 Tryphoniffiaemuli
1097 1647 1263 1691 domum
1341 1657 1346 1691 1

347 1749 450 1780 ouilia
481 1753 622 1789 agentes
652 1749 835 1790 Hertzberg
977 1759 1019 1789 52
1043 1749 1151 1780 adiret
1182 1749 1236 1788 agi
1266 1747 1341 1779 ΒΜ
1484 1757 1528 1788 54
1551 1747 1678 1779 uiribus

348 1793 472 1824 finibus
497 1793 539 1825 M
683 1802 724 1832 55
748 1794 795 1824 sic
821 1792 876 1824 B:
904 1803 972 1823 non
1001 1798 1155 1824 nostrum
1187 1797 1295 1823 tantas
1325 1792 1461 1831 inquam
1493 1795 1543 1822 est
1574 1791 1680 1822 MAr

348 1836 434 1867 Med.
558 1837 601 1875 56
623 1846 738 1867 ausum
754 1846 833 1867 corr.
853 1837 887 1866 in
903 1836 1009 1867 ausim
1027 1836 1103 1867 Ar:
1127 1837 1266 1866 hausum
1285 1835 1324 1865 M
1429 1844 1468 1874 57
1494 1835 1606 1866 serunt
1622 1835 1676 1866 B:

348 1880 459 1909 serent
477 1879 519 1909 M
531 1881 619 1909 Aru
805 1881 848 1910 60
872 1889 966 1910 musa
982 1879 1053 1909 ΒΜ
1192 1879 1300 1918 egiale
1316 1880 1349 1910 Β
1364 1878 1422 1909 Αν
1436 1889 1457 1909 u
1473 1890 1480 1910 ι
1506 1879 1594 1917 egile
1611 1877 1674 1910 M:

347 1922 467 1962 Aglaie
483 1922 564 1953 Ald.
587 1932 670 1962 1534
790 1925 830 1953 61
857 1923 954 1953 laude
971 1922 1138 1954 Baehrens
1154 1934 1161 1953 t
1185 1923 1318 1953 laudern
1335 1922 1424 1953 codd.
1441 1933 1447 1952 :
1473 1922 1609 1953 laudum
1627 1921 1674 1953 ed.

347 1965 570 2005 Zarotti1482
659 1966 811 2006 aspirare
824 1965 858 1996 Β
874 1977 880 1996 :
905 1967 1088 2006 aspirarem
1101 1966 1160 1996 M:
1185 1966 1331 2005 aspirem
1349 1966 1437 1996 Aru
1450 1964 1535 1996 Med.
1642 1969 1677 1996 et

347 2009 392 2039 Is.
415 2009 519 2040 Voss:
554 2010 615 2039 sed
638 2008 747 2039 MAr
761 2020 782 2039 u
799 2008 909 2040 Mean:
941 2010 968 2039 si
985 2009 1018 2039 Β
1042 2009 1134 2049 quod
1154 2010 1356 2040 retinuerunt
1376 2009 1504 2048 Haupt,
1530 2008 1677 2048 Ribbeck,

348 2051 526 2091 Baehrens,
552 2052 727 2083 Buecheler
827 2052 920 2083 adire
936 2052 992 2083 Bu
1016 2052 1103 2083 Med.
1123 2064 1129 2082 :
1154 2053 1271 2083 audire
1289 2052 1329 2082 M
1343 2052 1418 2082 Ar:
1441 2052 1569 2083 ambire
1586 2052 1676 2083 Bur-

349 2105 516 2126 mannus:
541 2096 678 2126 haurire
694 2095 862 2126 Baehrens
965 2096 1098 2127 cirenas
1113 2095 1146 2126 B
1240 2096 1322 2136 sort.
1340 2096 1369 2126 si
1386 2096 1484 2126 laude
1500 2096 1674 2134 aspirante

347 2139 483 2169 humilis
494 2139 538 2169 sit
548 2139 642 2170 adire
656 2139 811 2178 Cyrenas
825 2139 882 2178 (sit
900 2138 1050 2179 Wakker)
1140 2140 1183 2170 62
1206 2139 1254 2170 sic
1271 2139 1356 2169 Aru
1369 2137 1455 2169 Med.
1519 2139 1626 2178 patrie
1638 2139 1679 2170 M

348 2182 460 2214 adires
475 2182 546 2213 ales
562 2182 595 2213 B
657 2181 769 2222 adire]
788 2182 914 2213 habere
935 2182 1076 2213 Wakker
1184 2183 1227 2222 63
1252 2182 1384 2222 oppatis
1399 2182 1431 2212 B
1532 2184 1574 2221 64
1600 2182 1675 2213 Hec

349 2225 390 2255 M
474 2226 556 2256 satis
573 2230 625 2257 est
641 2225 731 2257 codd.
749 2237 755 2256 ε
779 2230 831 2257 sat
848 2226 912 2257 erit
927 2225 1097 2257 Baehrens

392 2268 435 2299 X.
456 2278 469 2298 1
496 2269 631 2308 quidem
655 2274 719 2310 pro
749 2280 850 2308 quem
875 2269 908 2300 Β
1037 2280 1056 2299 2
1081 2269 1184 2300 mulio
1210 2268 1288 2300 Ald.
1316 2278 1420 2308 1517:
1454 2269 1558 2299 multo
1585 2268 1673 2300 codd.

347 2321 368 2350 3
391 2311 479 2342 ullus
511 2312 647 2343 MAru
679 2312 788 2343 Med.:
816 2312 905 2344 illius
939 2312 972 2344 Β
1072 2324 1091 2352 4
1115 2317 1252 2352 praeter
1279 2312 1327 2343 ire
1351 2312 1385 2343 B
1494 2314 1515 2342 6
1538 2317 1572 2344 et
1595 2311 1674 2342 Sca-

348 2355 447 2395 Itger:
495 2366 606 2395 neque
648 2355 736 2388 codd.
768 2355 859 2396 quod
884 2359 992 2396 potest
1027 2367 1143 2387 uerum
1183 2367 1258 2391 esse.
1299 2356 1368 2387 siue
1398 2359 1436 2387 ut
1479 2355 1677 2396 Stgnficetur

350 2400 471 2439 ‘neque
506 2399 565 2429 hoc
596 2398 670 2430 dicit
702 2400 840 2440 negare‚’
875 2400 911 2438 cf.
945 2399 1102 2431 Scriuerii
1138 2399 1260 2431 Anecd.
1295 2410 1326 2441 p.
1362 2409 1411 2437 71,
1445 2398 1514 2429 siue
1534 2399 1678 2439 gloriari
